%% This BibTeX bibliography file was created using TeXStudio, manually, do not open with bibdesk or Meandeley.
%% Created by Vatsal Sanjay on 2022-04-13

%% Saved with string encoding Unicode (UTF-8) 

@string{acie = {Angew. Chem. Int. Ed.}}

@string{advmat = {Adv. Mat.}}

@string{afm = {Adv. Funct. Mater.}}

@string{ams = {Acta Mech. Sin.}}

@string{apl = {Appl. Phys. Lett.}}

@string{arfm = {Annu. Rev. Fluid Mech.}}

@string{bb = {Biotechnolo. Bioeng.}}

@string{bj = {Biophys. J.}}

@string{chemengj = {Chem. Eng. J.}}

@string{cossms = {Curr. Opin. Solid State Mater. Sci.}}

@string{crs = {Chem. Soc. Rev.}}

@string{epje = {Eur. Phys. J E}}

@string{epjst = {Eur. Phys. J. Spec. Top.}}

@string{epl = {Europhys.\ Lett.}}

@string{faraday = {Faraday Discuss.}}

@string{jafc = {J. Agric. Food. Chem.}}

@string{jchrnp = {J. Chem. Phys.}}

@string{jcp = {J. Comput. Phys.}}

@string{jcs = {J. Colloid Sci.}}

@string{jfm = {J. Fluid Mech.}}

@string{jgr = {J. Geophys. Res.}}

@string{jnnf = {J. Non-Newton. Fluid Mech.}}

@string{josj = {J. Oceanogr. Soc. Jpn.}}

@string{journalrheology = {J. Rheol.}}

@string{jvgr = {J. Volcanol. Geoth. Res.}}

@string{matcompt = {Math. Comput.}}

@string{natcom = {Nat. Commun.}}

@string{natphy = {Nat. Phys.}}

@string{pnas = {Proc. Natl. Acad. Sci. U.S.A.}}

@string{pof = {Phys. Fluids}}

@string{pra = {Phys. Rev. A}}

@string{pre = {Phys. Rev. E}}

@string{prf = {Phys. Rev. Fluids}}

@string{prl = {Phys. Rev. Lett.}}

@string{prslondona = {Proc. R. Soc. London, Ser. A}}

@string{rce = {Rev. Chem. Eng.}}

@string{rheoacta = {Rheol. Acta}}

@string{rmp = {Rev. Mod. Phys.}}

@string{rpp = {Rep. Prog. Phys.}}

@string{sciadv = {Sci. Adv.}}

@string{scirep = {Sci. Rep.}}

@string{sm = {Soft Matter}}

@book{miodownik2019liquid,
	title={Liquid rules: The delightful and dangerous substances that flow through our lives},
	author={Miodownik, M.},
	year={2019},
	publisher={HarperCollins}
}

%% All Popinet methods start!

@article{popinet2003gerris,
	author = {Popinet, S.},
	journal = {J. Comput. Phys.},
	number = {2},
	pages = {572--600},
	publisher = {Elsevier},
	title = {{Gerris: a tree-based adaptive solver for the incompressible Euler equations in complex geometries}},
	volume = {190},
	year = {2003}}

@article{popinet2009accurate,
	author = {Popinet, S.},
	journal = jcp,
	number = {16},
	pages = {5838--5866},
	publisher = {Elsevier},
	title = {An accurate adaptive solver for surface-tension-driven interfacial flows},
	volume = {228},
	year = {2009}}

@misc{basiliskpopinet3,
	author = {Popinet, S. and {collaborators}},
	howpublished = {\href{http://basilisk.fr/src/reduced.h}{Basilisk} (Last accessed: April 4, 2022)},
	title = {{Basilisk {C}: reduced pressure library}},
	year = {2013-2022}}

@misc{basiliskpopinet2,
	author = {Popinet, S. and {collaborators}},
	howpublished = {\href{http://basilisk.fr/src/tension.h}{Basilisk} (Last accessed: March 31, 2021)},
	title = {{Basilisk {C}: surface tension library}},
	year = {2013-2022}}

@misc{basiliskpopinet1,
	author = {Popinet, S. and {collaborators}},
	howpublished = {\href{http://basilisk.fr}{Basilisk} (Last accessed: February 1, 2022)},
	title = {Basilisk {C}},
	year = {2013-2022}}

@misc{basiliskaugumentedlagrangian,
	author = {Popinet, S.},
	howpublished = {\href{http://basilisk.fr/sandbox/popinet/lid-bingham.c}{Basilisk} (Last accessed: March 31, 2021)},
	title = {Basilisk {C}: {Lid-driven cavity of a Bingham fluid at Re=0}},
	year = {2016}}

@article{popinet2018numerical,
	author = {Popinet, S.},
	journal = arfm,
	pages = {49--75},
	publisher = {Annual Reviews},
	title = {Numerical models of surface tension},
	volume = {50},
	year = {2018}}

@article{popinet2015quadtree,
	author = {Popinet, S.},
	journal = {J. Comput. Phys.},
	pages = {336--358},
	publisher = {Elsevier},
	title = {A quadtree-adaptive multigrid solver for the {Serre}--{Green}-{Naghdi} equations},
	volume = {302},
	year = {2015}}

@article{lopez2019adaptive,
	title={An adaptive solver for viscoelastic incompressible two-phase problems applied to the study of the splashing of weakly viscoelastic droplets},
	author={L{\'o}pez-Herrera, J. M. and Popinet, S. and Castrej{\'o}n-Pita, A. A.},
	journal= {J. Non-Newtonian Fluid Mech.},
	volume={264},
	pages={144--158},
	year={2019},
	publisher={Elsevier}
}

@article{afkhami2018transition,
	title={Transition in a numerical model of contact line dynamics and forced dewetting},
	author={Afkhami, S. and Buongiorno, J. and Guion, A. and Popinet, S. and Saade, Y. and Scardovelli, R. and Zaleski, S.},
	journal=jcp,
	volume={374},
	pages={1061--1093},
	year={2018},
	publisher={Elsevier}
}

%% All Popinet methods end!

%% Vatsal all publication + codes starts

% codes
@misc{basiliskvatsaldod,
	author = {Sanjay, V.},
	howpublished = {\href{https://github.com/VatsalSy/Lifting-a-sessile-drop}{GitHub} (Last accessed: April 4, 2022)},
	title = {{Code repository: {Lifting} a sessile drop}},
	year = {2020}}

@misc{basiliskvatsalvp,
	author = {Sanjay, V.},
	howpublished = {\href{https://github.com/VatsalSy/BurstingBubbleInViscoplasticMedium}{GitHub} (Last accessed: March 31, 2021)},
	title = {{Code repository: Bursting bubble in a viscoplastic medium}},
	year = {2020}
}

@misc{basiliskvatsaltwopeaks,
	author = {Sanjay, V.},
	howpublished = {\href{https://github.com/VatsalSy/Impact-forces-of-water-drops-falling-on-superhydrophobic-surfaces}{GitHub} (Last accessed: February 4, 2022)},
	title = {{Code repository: Impact forces of water drops falling on superhydrophobic surfaces}},
	year = {2022}}

@misc{basiliskvatsaltc,
	author = {Sanjay, V.},
	howpublished = {\href{https://github.com/VatsalSy/Taylor-Culick-retractions}{GitHub} (Last accessed: February 1, 2022)},
	title = {{Code repository: Taylor-Culick retractions}},
	year = {2021}}

@misc{basiliskVatsalViscousBouncing,
	author = {Sanjay, V.},
	howpublished = {\href{https://github.com/VatsalSy/When-does-a-drop-stop-bouncing}{GitHub} (Last accessed: April 20, 2022)},
	title = {Code repository: When does a drop stop bouncing?},
	year = {2022}}

@misc{basiliskVatsalDropFilm,
	author = {Sanjay, V.},
	howpublished = {\href{https://github.com/VatsalSy/Drop-impact-on-viscous-liquid-films}{GitHub} (Last accessed: April 1, 2022)},
	title = {Code repository: Drop impact on viscous liquid films},
	year = {2022}
}

@misc{basiliskvatsalfreesurface,
	author = {Sanjay, V.},
	howpublished = {\href{http://basilisk.fr/sandbox/vatsal/GenaralizedNewtonian/SurfaceWavesBingham.c}{Basilisk} (Last accessed: March 31, 2021)},
	title = {{Basilisk sandbox: Surface waves on a Bingham liquid free surface}},
	year = {2018}}

@misc{vatsal-basilisk-3p,
	author = {Sanjay, V.},
	howpublished = {\href{http://basilisk.fr/sandbox/vatsal/ThreePhase/}{Basilisk} (Last accessed: February 1, 2022)},
	title = {{Basilisk sandbox: Three-Phase}},
	year = {2021}}

% supplemental movies
@misc{vatsaldodsuppl,
	author = {Sanjay, V.},
	howpublished = {\href{https://youtube.com/playlist?list=PLf5C5HCrvhLEX9_VlqlK99mdtxtu1l-HQ}{YouTube} (Last accessed: April 4, 2022)},
	title = {{Supplemental movies repository: {Lifting} a sessile drop}},
	year = {2020}}

@misc{vatsalVPsuppl,
	author = {Sanjay, V.},
	howpublished = {\href{https://youtube.com/playlist?list=PLf5C5HCrvhLFETl6iaRr21pzr5Xab1OCM}{YouTube} (Last accessed: April 4, 2022)},
	title = {{Supplemental movies repository: Bursting bubble in a viscoplastic medium}},
	year = {2020}}

@misc{vatsalDropForcessuppl,
	author = {Sanjay, V.},
	howpublished = {\href{https://youtube.com/playlist?list=PLf5C5HCrvhLGmlYTF1Gg2WviZ-Bkmy2qr}{YouTube} (Last accessed: April 4, 2022)},
	title = {Supplemental movies: Impact forces of water drops falling on superhydrophobic surfaces},
	year = {2022}}

@misc{vatsalTCsuppl,
	author = {Sanjay, V.},
	howpublished = {\href{https://youtube.com/playlist?list=PLf5C5HCrvhLHsSDmgLAql-hcAEZrejs2V}{YouTube} (Last accessed: April 4, 2022)},
	title = {{Supplemental movies: Taylor-Culick retractions}},
	year = {2022}}

@misc{vatsalViscDropsuppl,
	author = {Sanjay, V.},
	howpublished = {\href{https://youtube.com/playlist?list=PLf5C5HCrvhLHG5t3iPscUuEp_gbD4XHyU}{YouTube} (Last accessed: April 4, 2022)},
	title = {{Supplemental movies repository: When does a drop stop bouncing?}},
	year = {2022}}

@misc{vatsalDropFilmsuppl,
	author = {Sanjay, V.},
	howpublished = {\href{https://youtube.com/playlist?list=PLf5C5HCrvhLHJXLqwpylEwYc2rVtTsCUX}{YouTube} (Last accessed: April 4, 2022)},
	title = {{Supplemental movies repository: Drop impact on viscous liquid films}},
	year = {2022}}

% papers
@article{vatsalInProgressFilms,
	author = {Sanjay, V. and Lakshman, S. and Chantelot, P. and Snoeijer, J. H. and Lohse, D.},
	journal = {In preparation},
	title = {Drop impact on viscous liquid films},
	year = {2022}}

@article{vatsalInProgressViscous,
	author = {Sanjay, V. and Chantelot, P. and Lohse, D.},
	journal = {In preparation},
	title = {When does a drop stop bouncing?},
	year = {2022}}

@article{sanjay2022taylor,
	author = {Sanjay, V. and Sen, U. and Kant, P. and Lohse, D.},
	journal = {arXiv Preprint. arXiv:2202.13400},
	title = {{Taylor-Culick retractions and the influence of the surroundings}},
	year = {2022}}

@article{zhang2022impact,
	author = {Zhang, B. and Sanjay, V. and Shi, S. and Zhao, Y. and Lv, C. and Lohse, D.},
	journal = {arXiv Preprint. arXiv:2202.02437},
	title = {Impact forces of water drops falling on superhydrophobic surfaces},
	year = {2022}}

@article{sanjay_lohse_jalaal_2021,
	author = {Sanjay, V. and Lohse, D. and Jalaal, M.},
	journal = jfm,
	pages = {A2},
	publisher = {Cambridge University Press},
	title = {Bursting bubble in a viscoplastic medium},
	volume = {922},
	year = {2021}}

@inproceedings{sanjay2019droplet,
	author = {Sanjay, V. and Jain, U. and Jalaal, M. and {van der Meer}, D. and Lohse, D.},
	booktitle = {APS Div. Fluid Dyn. Meet. Abstr.},
	pages = {B22--001},
	title = {{Droplet encapsulation}},
	year = {2019}}

@article{ramirez2020lifting,
	author = {Ram\'rrez-Soto, O. and Sanjay, V. and Lohse, D. and Pham, J. T. and Vollmer, D.},
	journal = {Sci. Adv.},
	number = {34},
	pages = {eaba4330},
	publisher = {American Association for the Advancement of Science},
	title = {Lifting a sessile oil drop from a superamphiphobic surface with an impacting one},
	volume = {6},
	year = {2020}}

%% Vatsal all publication + codes ends


@phdthesis{carolaThesis,
	title = {Shaping Droplets: Colloids and Instabilities},
	author = {Seyfert, C.},
	year = {2022},
	doi = {10.3990/1.9789036553070},
	isbn = {978-90-365-5307-0},
	publisher = {University of Twente},
	school = {University of Twente}
}

@phdthesis{UJThesis,
	title = {Slamming Liquid Impact and the Mediating Role of Air},
	author = {Jain, U.},
	year = {2020},
	doi = {10.3990/1.9789036550215},
	isbn = {978-90-365-5021-5},
	publisher = {University of Twente},
	school = {University of Twente}
}

@article{dickerson2012mosquitoes,
	title={Mosquitoes survive raindrop collisions by virtue of their low mass},
	author={Dickerson, A. K. and Shankles, P. G. and Madhavan, N. M. and Hu, D. L.},
	journal=pnas,
	volume={109},
	number={25},
	pages={9822--9827},
	year={2012},
	publisher={National Acad Sciences}
}

@book{guyon2021hidden,
	title={Hidden Wonders: The Subtle Dialogue Between Physics and Elegance},
	author={Guyon, {\'E}. and Bico, J. and Reyssat, {\'E}. and Roman, B.},
	year={2021},
	publisher={MIT Press}
}

@article{zhan2021,
	title={Horizontal motion of a superhydrophobic substrate affects the drop bouncing dynamics},
	author={Zhan, H. and Lu, C. and Liu, C. and Wang, Z. and Lv, C. and Liu, Y.},
	journal={Phys. Rev.  Lett.},
	volume={126},
	number={23},
	pages={234503},
	year={2021},
	publisher={APS}
}

@article{shiri2017heat,
	author = {Shiri, S. and Bird, J. C.},
	journal = pnas,
	number = {27},
	pages = {6930--6935},
	publisher = {National Acad Sciences},
	title = {Heat exchange between a bouncing drop and a superhydrophobic substrate},
	volume = {114},
	year = {2017}}

@article{liu2008hydrophobic,
	author = {Liu, Y. and Chen, X. and Xin, J. H.},
	journal = {Bioinspiration Biomimetics},
	number = {4},
	pages = {046007},
	publisher = {IOP Publishing},
	title = {Hydrophobic duck feathers and their simulation on textile substrates for water repellent treatment},
	volume = {3},
	year = {2008}}

@article{cassie1944wettability,
	author = {Cassie, A. B. D. and Baxter, S.},
	journal = {Trans. Faraday Soc.},
	pages = {546--551},
	publisher = {Royal Society of Chemistry},
	title = {Wettability of porous surfaces},
	volume = {40},
	year = {1944}}

@article{neinhuis1997characterization,
	author = {Neinhuis, C. and Barthlott, W.},
	journal = {Ann. Bot.},
	number = {6},
	pages = {667--677},
	publisher = {Elsevier},
	title = {Characterization and distribution of water-repellent, self-cleaning plant surfaces},
	volume = {79},
	year = {1997}}

@article{blossey2003self,
	author = {Blossey, R.},
	journal = {Nat. Mater.},
	number = {5},
	pages = {301--306},
	publisher = {Nature Publishing Group},
	title = {Self-cleaning surfaces---virtual realities},
	volume = {2},
	year = {2003}}

@article{mouterde2017antifogging,
	author = {Mouterde, T. and Lehoucq, G. and Xavier, S. and Checco, A. and Black, C. T. and Rahman, A. and Midavaine, T. and Clanet, C. and Qu{\'e}r{\'e}, D.},
	journal = {Nat. Mater.},
	number = {6},
	pages = {658--663},
	publisher = {Nature Publishing Group},
	title = {Antifogging abilities of model nanotextures},
	volume = {16},
	year = {2017}}

@article{bartolo2005retraction,
	author = {Bartolo, D. and Josserand, C. and Bonn, D.},
	journal = {J. Fluid Mech.},
	pages = {329--338},
	publisher = {Cambridge University Press},
	title = {Retraction dynamics of aqueous drops upon impact on non-wetting surfaces},
	volume = {545},
	year = {2005}}

@phdthesis{chantelot2018rebonds,
	author = {Chantelot, P.},
	school = {Universit{\'e} Paris-Saclay (ComUE)},
	title = {{Rebonds sp{\'e}ciaux de liquides}},
	year = {2018}}

@article{kim2020raindrop,
	author = {Kim, S. and Wu, Z. and Esmaili, E. and Dombroskie, J. J and Jung, S.},
	journal = pnas,
	number = {25},
	pages = {13901--13907},
	publisher = {National Acad Sciences},
	title = {How a raindrop gets shattered on biological surfaces},
	volume = {117},
	year = {2020}}

@article{kamat-2020-jfm,
	author = {Kamat, P. M. and Anthony, C. R. and Basaran, O. A.},
	date-added = {2022-04-16 20:19:17 +0200},
	date-modified = {2022-04-16 20:19:58 +0200},
	journal = {J. Fluid Mech.},
	pages = {{A}8},
	title = {Bubble coalescence in low-viscosity power-law fluids},
	volume = {902},
	year = {2020}}

@article{villermaux2011drop,
	author = {Villermaux, E. and Bossa, B.},
	journal = jfm,
	pages = {412--435},
	publisher = {Cambridge University Press},
	title = {Drop fragmentation on impact},
	volume = {668},
	year = {2011}}

@article{Gordillo2018,
	author = {Gordillo, L. and Sun, T.-P. and Cheng, X.},
	journal = {J. Fluid Mech.},
	pages = {190--214},
	publisher = {Cambridge University Press},
	title = {Dynamics of drop impact on solid surfaces: evolution of impact force and self-similar spreading},
	volume = {840},
	year = {2018}}

@article{cheng2021drop,
	author = {Cheng, X. and Sun, T.-P. and Gordillo, L.},
	journal = arfm,
	publisher = {Annual Reviews},
	title = {Drop Impact Dynamics: Impact Force and Stress Distributions},
	volume = {54},
	year = {2021}}

@article{bange2016computational,
	author = {Bange, P. G. and Bhardwaj, R.},
	journal = {Theor. Comput. Fluid Dyn.},
	number = {3},
	pages = {211--235},
	publisher = {Springer},
	title = {Computational study of bouncing and non-bouncing droplets impacting on superhydrophobic surfaces},
	volume = {30},
	year = {2016}}

@article{tai2021research,
	author = {Tai, Y. and Zhao, Y. and Guo, X. and Li, L. and Wang, S. and Xia, Z.},
	journal = pof,
	number = {4},
	pages = {042011},
	publisher = {AIP Publishing LLC},
	title = {Research on the contact time of a bouncing microdroplet with lattice Boltzmann method},
	volume = {33},
	year = {2021}}

@book{prosperetti2009computational,
	author = {Prosperetti, A. and Tryggvason, G.},
	publisher = {Cambridge university press},
	title = {Computational {Methods} for {Multiphase} {Flow}},
	year = {2009}}

@article{he2021optimization,
	author = {He, L. and Ding, L. and Li, B. and Mu, W. and Li, P. and Liu, F.},
	journal = {ACS Appl. Mater. Interfaces},
	number = {32},
	pages = {38018--38028},
	publisher = {ACS Publications},
	title = {Optimization strategy to inhibit droplets rebound on pathogen-modified hydrophobic surfaces},
	volume = {13},
	year = {2021}}

@article{jowkar2019rebounding,
	author = {Jowkar, S. and Morad, M. R.},
	journal = sm,
	number = {5},
	pages = {1017--1026},
	publisher = {Royal Society of Chemistry},
	title = {Rebounding suppression of droplet impact on hot surfaces: effect of surface temperature and concaveness},
	volume = {15},
	year = {2019}}

@article{zhao2017impact,
	author = {Zhao, B. and Wang, X. and Zhang, K. and Chen, L. and Deng, X.},
	journal = {Langmuir},
	number = {1},
	pages = {144--151},
	publisher = {ACS Publications},
	title = {Impact of viscous droplets on superamphiphobic surfaces},
	volume = {33},
	year = {2017}}

@article{ge2005three,
	author = {Ge, Y. and Fan, L.-S.},
	journal = pof,
	number = {2},
	pages = {027104},
	publisher = {American Institute of Physics},
	title = {Three-dimensional simulation of impingement of a liquid droplet on a flat surface in the Leidenfrost regime},
	volume = {17},
	year = {2005}}

@article{sarma2022interfacial,
	author = {Sarma, B. and Dalal, A. and Basu, D. N.},
	journal = pof,
	number = {1},
	pages = {012121},
	publisher = {AIP Publishing LLC},
	title = {Interfacial dynamics of viscous droplets impacting a superhydrophobic candle soot surface: Overview and comparison},
	volume = {34},
	year = {2022}}

@article{kolinski2014lift,
	author = {Kolinski, J. M. and Mahadevan, L. and Rubinstein, S. M.},
	journal = prl,
	number = {13},
	pages = {134501},
	publisher = {APS},
	title = {Lift-off instability during the impact of a drop on a solid surface},
	volume = {112},
	year = {2014}}

@book{da1508notebooks,
	author = {{da Vinci}, L.},
	publisher = {George Braziller},
	title = {Codex Hammer (earlier Codex Leicester). In The Notebooks of Leonardo da Vinci (ed. and trans. E. MacCurdy).},
	year = {1508}}

@article{chantelot2021leidenfrost,
	author = {Chantelot, P. and Lohse, D.},
	journal = prl,
	number = {12},
	pages = {124502},
	publisher = {APS},
	title = {Leidenfrost effect as a directed percolation phase transition},
	volume = {127},
	year = {2021}}

@article{wang2022successive,
	author = {Wang, Y. and Zhao, Y. and Sun, L. and Mehrizi, A. A. and Lin, S. and Guo, J. and Chen, L.},
	journal = {Langmuir},
	publisher = {ACS Publications},
	title = {Successive Rebounds of Impinging Water Droplets on Superhydrophobic Surfaces},
	year = {2022}}

@article{prosperetti1977viscous,
	author = {Prosperetti, A.},
	journal = {Q. Appl. Math.},
	number = {4},
	pages = {339--352},
	title = {Viscous effects on perturbed spherical flows},
	volume = {34},
	year = {1977}}

@article{wachters1966heat,
	author = {Wachters, L. H. J. and Westerling, N. A. J.},
	journal = {Chem. Eng. Sci.},
	number = {11},
	pages = {1047--1056},
	publisher = {Elsevier},
	title = {The heat transfer from a hot wall to impinging water drops in the spheroidal state},
	volume = {21},
	year = {1966}}

@article{geri2017thermal,
	author = {Geri, M. and Keshavarz, B. and McKinley, G. H. and Bush, J. W. M.},
	journal = jfm,
	publisher = {Cambridge University Press},
	title = {Thermal delay of drop coalescence},
	volume = {833},
	year = {2017}}

@article{singh2018levitation,
	author = {Singh, C. and Das, A. K. and Das, P. K.},
	journal = jfm,
	pages = {398--448},
	publisher = {Cambridge University Press},
	title = {Levitation of non-magnetizable droplet{\'a}inside ferrofluid},
	volume = {857},
	year = {2018}}

@article{pal2017control,
	author = {Pal, S. and Miqdad, A. M. and Datta, S. and Das, A. K. and Das, P. K.},
	journal = {Ind. Eng. Chem. Res.},
	number = {39},
	pages = {11312--11319},
	publisher = {ACS Publications},
	title = {Control of drop impact and proposal of pseudo-superhydrophobicity using electrostatics},
	volume = {56},
	year = {2017}}

@article{galeano2017non,
	author = {Galeano-Rios, C. A. and Milewski, P. A. and Vanden-Broeck, J.-M.},
	journal = jfm,
	pages = {97--127},
	publisher = {Cambridge University Press},
	title = {Non-wetting impact of a sphere onto a bath and its application to bouncing droplets},
	volume = {826},
	year = {2017}}

@article{josserand2016droplet,
	author = {Josserand, C. and Ray, P. and Zaleski, S.},
	journal = jfm,
	pages = {775--805},
	publisher = {Cambridge University Press},
	title = {Droplet impact on a thin liquid film: anatomy of the splash},
	volume = {802},
	year = {2016}}

@article{ling2017spray,
	author = {Ling, Y. and Fuster, D. and Zaleski, S. and Tryggvason, G.},
	journal = pof,
	number = {1},
	pages = {014005},
	publisher = {APS},
	title = {Spray formation in a quasiplanar gas-liquid mixing layer at moderate density ratios: a numerical closeup},
	volume = {2},
	year = {2017}}

@article{eggers2010drop,
	author = {Eggers, J. and Fontelos, M. A. and Josserand, C. and Zaleski, S.},
	journal = pof,
	number = {6},
	pages = {062101},
	publisher = {American Institute of Physics},
	title = {Drop dynamics after impact on a solid wall: {T}heory and simulations},
	volume = {22},
	year = {2010}}

@article{sharma2021regimes,
	author = {Sharma, P. K. and Dixit, H. N.},
	journal = jfm,
	publisher = {Cambridge University Press},
	title = {Regimes of wettability-dependent and wettability-independent bouncing of a drop on a solid surface},
	volume = {908},
	year = {2021}}

@article{lee2020downward,
	author = {Lee, S.-H. and Rump, M. and Harth, K. and Kim, M. and Lohse, D. and Fezzaa, K. and Je, J. H.},
	journal = prf,
	number = {7},
	pages = {074802},
	publisher = {APS},
	title = {Downward jetting of a dynamic Leidenfrost drop},
	volume = {5},
	year = {2020}}

@article{lee2020drop,
	title={Drop impact on hot plates: contact times, lift-off and the lamella rupture},
	author={Lee, S.-H. and Harth, K. and Rump, M. and Kim, M. and Lohse, D. and Fezzaa, K. and Je, J. H.},
	journal=sm,
	volume={16},
	number={34},
	pages={7935--7949},
	year={2020},
	publisher={Royal Society of Chemistry}
}

@article{lohse-2020-pnas,
	author = {Lohse, D. and Villermaux, E.},
	date-added = {2022-02-21 16:39:43 +0530},
	date-modified = {2022-02-21 16:40:26 +0530},
	journal = {Proc. Natl. Acad. Sci. U.S.A.},
	pages = {18912-18914},
	title = {Double threshold behavior for breakup of liquid sheets},
	volume = {117},
	year = {2020}}

@article{worthington1877xxviii,
	author = {Worthington, A. M.},
	journal = PRSLondonA,
	number = {171-178},
	pages = {261--272},
	publisher = {The Royal Society London},
	title = {{On} the forms assumed by drops of liquids falling vertically on a horizontal plate},
	volume = {25},
	year = {1877}}

@article{worthington1877second,
	author = {Worthington, A. M.},
	journal = {Proc. R. Soc. London},
	pages = {498--503},
	title = {A second paper on the forms assumed by drops of liquids falling vertically on a horizontal plate},
	volume = {25},
	year = {1877}}

@article{hao2015superhydrophobic,
	author = {Hao, C. and Li, J. and Liu, Y. and Zhou, X. and Liu, Y. and Liu, R. and Che, L. and Zhou, W. and Sun, D. and Li, L.},
	journal = NatCom,
	number = {1},
	pages = {1--7},
	publisher = {Nature Publishing Group},
	title = {Superhydrophobic-like tunable droplet bouncing on slippery liquid interfaces},
	volume = {6},
	year = {2015}}



@article{pierson2020revisiting,
	author = {Pierson, J.-L. and Magnaudet, J. and Soares, E. J. and Popinet, S.},
	journal = prf,
	number = {7},
	pages = {073602},
	publisher = {APS},
	title = {{Revisiting the Taylor-Culick approximation: Retraction of an axisymmetric filament}},
	volume = {5},
	year = {2020}}

@article{lv-2015-jfm,
	author = {Lv, C. and Clanet, C. and Qu\'{e}r\'{e}, D.},
	date-added = {2021-02-04 17:02:18 +0100},
	date-modified = {2021-02-04 17:04:12 +0100},
	journal = {J. Fluid Mech.},
	pages = {{R}6},
	title = {Retraction of large liquid strips},
	volume = {778},
	year = {2015}}

@article{tseng-2015-jfm,
	author = {Tseng, Y.-{H}. and Prosperetti, A.},
	date-added = {2021-02-04 17:00:46 +0100},
	date-modified = {2021-02-04 17:01:44 +0100},
	journal = {J. Fluid Mech.},
	pages = {5-36},
	title = {Local interfacial stability near a zero vorticity point},
	volume = {776},
	year = {2015}}

@article{kavehpour-2015-arfm,
	author = {Kavehpour, H. P.},
	date-added = {2021-02-04 16:56:15 +0100},
	date-modified = {2021-02-04 16:58:45 +0100},
	journal = {Annu. Rev. Fluid Mech.},
	pages = {245-268},
	title = {Coalescence of drops},
	volume = {47},
	year = {2015}}

@article{carlson-2013-epl,
	author = {Carlson, A. and Kim, P. and Amberg, G. and Stone, H. A.},
	date-added = {2021-02-04 16:50:01 +0100},
	date-modified = {2021-02-04 16:50:59 +0100},
	journal = {Europhys. Lett.},
	pages = {34008},
	title = {Short and long time drop dynamics on lubricated substrates},
	volume = {104},
	year = {2013}}

@article{paulsen-2011-prl,
	author = {Paulsen, J. D. and Burton, J. C. and Nagel, S. R.},
	date-added = {2021-02-04 15:41:12 +0100},
	date-modified = {2021-02-04 15:42:26 +0100},
	journal = {Phys. Rev. Lett.},
	pages = {114501},
	title = {Viscous to inertial crossover in liquid drop coalescence},
	volume = {106},
	year = {2011}}

@article{doubliez-1991-ijmf,
	author = {Doubliez, L.},
	date-added = {2021-02-04 14:37:32 +0100},
	date-modified = {2021-02-04 14:44:21 +0100},
	journal = {Int. J. Multiphase Flow},
	pages = {783-803},
	title = {The drainage and rupture of a non-foaming liquid film formed upon bubble impact with a free surface},
	volume = {17},
	year = {1991}}

@article{joanny-1987-physicaa,
	author = {Joanny, J.-{F}. and {de} {G}ennes, P. G.},
	date-added = {2021-02-04 13:28:11 +0100},
	date-modified = {2021-02-04 13:29:13 +0100},
	journal = {Physica A},
	pages = {238-255},
	title = {Bursting of a soap film in a viscous environment},
	volume = {147{A}},
	year = {1987}}

@article{degennes-1985-rmp,
	author = {{de} {G}ennes, P.-G.},
	date-added = {2021-02-04 13:23:54 +0100},
	date-modified = {2021-02-04 13:25:01 +0100},
	journal = {Rev. Mod. Phys.},
	pages = {827-863},
	title = {Wetting: statics and dynamics},
	volume = {57},
	year = {1985}}

@article{de1996introductory,
	author = {{de} {G}ennes, P.-G.},
	journal = FaraDay,
	pages = {1--8},
	publisher = {Royal Society of Chemistry},
	title = {Introductory lecture. Mechanics of soft interfaces},
	volume = {104},
	year = {1996}}

@phdthesis{naru2021numerical,
	author = {Naru, M. C.},
	school = {EDSorbonne University},
	title = {Numerical Simulation of a Water/Oil Emulsion in a Multiscale/Multiphysics context},
	year = {2021}}

@article{zhang_ni_magnaudet_2021,
	author = {Zhang, J. and Ni, M.-J. and Magnaudet, J.},
	journal ={J. Fluid Mech.},
	pages = {A16},
	publisher = {Cambridge University Press},
	title = {Three-dimensional dynamics of a pair of deformable bubbles rising initially in line. Part 1. Moderately inertial regimes},
	volume = {920},
	year = {2021},
	bdsk-url-1 = {https://doi.org/10.1017/jfm.2021.429}}

@article{jha2020viscous,
	author = {Jha, A. and Chantelot, P. and Clanet, C. and Qu{\'e}r{\'e}, D.},
	journal = sm,
	number = {31},
	pages = {7270--7273},
	publisher = {Royal Society of Chemistry},
	title = {Viscous bouncing},
	volume = {16},
	year = {2020}}

@article{de2015wettability,
	author = {{de Ruiter}, J. and Lagraauw, R. and {van den Ende}, D. and Mugele, F.},
	journal = NatPhy,
	number = {1},
	pages = {48--53},
	publisher = {Nature Publishing Group},
	title = {Wettability-independent bouncing on flat surfaces mediated by thin air films},
	volume = {11},
	year = {2015}}

@article{SprittlesPhysRevLett.124.084501,
	author = {Chubynsky, M. V. and Belousov, K. I. and Lockerby, D. A. and Sprittles, J. E.},
	issue = {8},
	journal = prl,
	numpages = {7},
	pages = {084501},
	publisher = {American Physical Society},
	title = {Bouncing off the Walls: The Influence of Gas-Kinetic and van der Waals Effects in Drop Impact},
	volume = {124},
	year = {2020}}

@article{quere2005non,
	author = {Qu{\'e}r{\'e}, D.},
	journal = rpp,
	number = {11},
	pages = {2495},
	publisher = {IOP Publishing},
	title = {Non-sticking drops},
	volume = {68},
	year = {2005}}

@article{richard2000bouncing,
	author = {Richard, D. and Qu{\'e}r{\'e}, D.},
	journal = epl,
	number = {6},
	pages = {769},
	publisher = {IOP Publishing},
	title = {Bouncing water drops},
	volume = {50},
	year = {2000}}

@article{rayleigh1882,
	author = {Rayleigh, {Lord}},
	file = {:articles/rayleigh(1882).pdf:PDF},
	journal = {Proc. R. Soc. Lond.},
	pages = {130--145},
	publisher = {Cambridge University Press},
	title = {Further observations upon liquid jets, in continuation of those recorded in the Royal Society's `Proceedings' for March and May, 1879},
	volume = {34},
	year = {1882}}

@article{reynolds1881floating,
	author = {Reynolds, O.},
	file = {:articles/reynolds(1881).pdf:PDF},
	journal = {Proc. Lit. Phil. Soc.},
	number = {1},
	pages = {413--414},
	title = {On the floating of drops on the surface of water depending only on the purity of the surface},
	volume = {21},
	year = {1881}}

@article{smith2003air,
	author = {Smith, F. T. and Li, L. and Wu, G. X.},
	file = {:articles/smith(2003).pdf:PDF},
	journal = {J. Fluid Mech.},
	pages = {291--318},
	title = {Air cushioning with a lubrication/inviscid balance},
	volume = {482},
	year = {2003}}

@article{chantelot2018drop,
	author = {Chantelot, P. and Coux, M. and Clanet, C. and Qu{\'e}r{\'e}, D.},
	journal = epl,
	number = {2},
	pages = {24003},
	publisher = {IOP Publishing},
	title = {Drop trampoline},
	volume = {124},
	year = {2018}}

@article{schutzius2015spontaneous,
	author = {Schutzius, T. M. and Jung, S. and Maitra, T. and Graeber, G. and K{\"o}hme, M. and Poulikakos, D.},
	journal = {Nature},
	number = {7576},
	pages = {82--85},
	publisher = {Nature Publishing Group},
	title = {Spontaneous droplet trampolining on rigid superhydrophobic surfaces},
	volume = {527},
	year = {2015}}

@article{rodriguez1985some,
	author = {Rodriguez, F. and Mesler, R.},
	file = {:articles/rodriguez(1985).pdf:PDF},
	journal = {J. Colloid Interface Sci.},
	number = {2},
	pages = {347--352},
	publisher = {Elsevier},
	title = {Some drops don't splash},
	volume = {106},
	year = {1985}}

@article{couder2005bouncing,
	author = {Couder, Y. and Fort, E. and Gautier, C. H. and Boudaoud, A.},
	file = {:articles/couder1(2005).pdf:PDF},
	journal = {Phys. Rev. Lett.},
	number = {17},
	pages = {177801},
	publisher = {APS},
	title = {From bouncing to floating: Noncoalescence of drops on a fluid bath},
	volume = {94},
	year = {2005}}

@article{couder2005walking,
	author = {Couder, Y. and Protiere, S. and Fort, E. and Boudaoud, A.},
	file = {:articles/couder(2005).pdf:PDF},
	journal = {Nature},
	number = {7056},
	pages = {208--208},
	publisher = {Nature Publishing Group},
	title = {Walking and orbiting droplets},
	volume = {437},
	year = {2005}}

@article{klyuzhin2010persisting,
	author = {Klyuzhin, I. S. and Ienna, F. and Roeder, B. and Wexler, A. and Pollack, G. H.},
	file = {:articles/klyuzhin(2010).pdf:PDF},
	journal = {J. Phys. Chem. B},
	number = {44},
	pages = {14020--14027},
	publisher = {ACS Publications},
	title = {Persisting water droplets on water surfaces},
	volume = {114},
	year = {2010}}

@article{gauthier2019self,
	author = {Gauthier, A. and Diddens, C. and Proville, R. and Lohse, D. and {van der Meer}, D.},
	file = {:articles/gauthier(2019)b.pdf:PDF},
	journal = {Proc. Natl. Acad. Sci. U.S.A.},
	number = {4},
	pages = {1174--1179},
	publisher = {National Acad Sciences},
	title = {Self-propulsion of inverse Leidenfrost drops on a cryogenic bath},
	volume = {116},
	year = {2019}}

@article{gauthier2019capillary,
	author = {Gauthier, A. and {van der Meer}, D. and Snoeijer, J. H. and Lajoinie, G.},
	file = {:articles/gauthier(2019)a.pdf:PDF},
	journal = {Nat. Commun.},
	number = {1},
	pages = {1--5},
	publisher = {Nature Publishing Group},
	title = {Capillary orbits},
	volume = {10},
	year = {2019}}

@article{kolinski2012skating,
	author = {Kolinski, J. M. and Rubinstein, S. M. and Mandre, S. and Brenner, M. P. and Weitz, D. A. and Mahadevan, L.},
	file = {:articles/kolinski(2012).pdf:PDF},
	journal = {Phys. Rev. Lett.},
	number = {7},
	pages = {074503},
	publisher = {APS},
	title = {Skating on a film of air: drops impacting on a surface},
	volume = {108},
	year = {2012}}

@article{okumura2003water,
	author = {Okumura, K. and Chevy, F. and Richard, D. and Qu{\'e}r{\'e}, D. and Clanet, C.},
	journal = epl,
	number = {2},
	pages = {237},
	publisher = {IOP Publishing},
	title = {Water spring: A model for bouncing drops},
	volume = {62},
	year = {2003}}

@article{chevy2012liquid,
	author = {Chevy, F. and Chepelianskii, A. and Qu{\'e}r{\'e}, D. and Rapha{\"e}l, E.},
	journal = epl,
	number = {5},
	pages = {54002},
	publisher = {IOP Publishing},
	title = {Liquid Hertz contact: Softness of weakly deformed drops on non-wetting substrates},
	volume = {100},
	year = {2012}}

@article{molavcek2012quasi,
	author = {Mol{\'a}{\v{c}}ek, J. and Bush, J. W. M.},
	journal = pof,
	number = {12},
	pages = {127103},
	publisher = {American Institute of Physics},
	title = {A quasi-static model of drop impact},
	volume = {24},
	year = {2012}}

@book{leal2007advanced,
	author = {Leal, L. G.},
	publisher = {Cambridge University Press},
	title = {Advanced transport phenomena: fluid mechanics and convective transport processes},
	volume = {7},
	year = {2007}}

@article{pan2007dynamics,
	author = {Pan, K.-L. and Law, C. K.},
	file = {:articles/pan(2007).pdf:PDF},
	journal = {J. Fluid Mech.},
	pages = {1--22},
	publisher = {Cambridge University Press},
	title = {Dynamics of droplet--film collision},
	volume = {587},
	year = {2007}}

@article{charles1960coalescence,
	author = {Charles, G. E. and Mason, S. G.},
	file = {:articles/charles(1960).pdf:PDF},
	journal = {J. Colloid Interface Sci.},
	number = {3},
	pages = {236--267},
	publisher = {Elsevier},
	title = {The coalescence of liquid drops with flat liquid/liquid interfaces},
	volume = {15},
	year = {1960}}

@article{tang2018bouncing,
	author = {Tang, X. and Saha, A. and Law, C. K. and Sun, C.},
	file = {:articles/tang(2018).pdf:PDF},
	journal = {Langmuir},
	number = {8},
	pages = {2654--2662},
	publisher = {ACS Publications},
	title = {Bouncing-to-merging transition in drop impact on liquid film: Role of liquid viscosity},
	volume = {34},
	year = {2018}}

@article{tang2019bouncing,
	author = {Tang, X. and Saha, A. and Law, C. K. and Sun, C.},
	file = {:articles/tang(2019).pdf:PDF},
	journal = {Phys. Fluids},
	number = {1},
	pages = {013304},
	publisher = {AIP Publishing LLC},
	title = {Bouncing drop on liquid film: Dynamics of interfacial gas layer},
	volume = {31},
	year = {2019}}

@article{langley2019gliding,
	author = {Langley, K. R. and Thoroddsen, S. T.},
	journal = {J. Fluid Mech.},
	publisher = {Cambridge University Press},
	title = {Gliding on a layer of air: impact of a large-viscosity drop on a liquid film},
	volume = {878},
	year = {2019}}

@article{li2015time,
	author = {Li, E. Q. and Thoroddsen, S. T.},
	file = {:articles/li(2015).pdf:PDF},
	journal = {J. Fluid Mech.},
	pages = {636--648},
	publisher = {Cambridge University Press},
	title = {Time-resolved imaging of a compressible air disc under a drop impacting on a solid surface},
	volume = {780},
	year = {2015}}

@article{zhang2021thin,
	author = {Zhang, L. and Soori, T. and Rokoni, A. and Kaminski, A. and Sun, Y.},
	journal = prf,
	number = {4},
	pages = {044002},
	publisher = {APS},
	title = {Thin film instability driven dimple mode of air film failure during drop impact on smooth surfaces},
	volume = {6},
	year = {2021}}


@article{poulain2022droplet,
	title={Droplet settling on solids coated with a soft layer},
	author = {Poulain, S. and Carlson, A.},
	journal={J. Fluid Mech.},
	volume={934},
	pages = {A25},
	year={2022},
	publisher={Cambridge University Press}
}


@article{reizman1965optical,
	author = {Reizman, F.},
	journal = {J. Appl. Phys.},
	number = {12},
	pages = {3804--3807},
	publisher = {American Institute of Physics},
	title = {Optical thickness measurement of thin transparent films on silicon},
	volume = {36},
	year = {1965}}

@article{ajaev2021lev,
	author = {Ajaev, V. S. and Kabov, O. A.},
	journal = {Annu. Rev. Fluid Mech.},
	pages = {203--225},
	publisher = {Annual Reviews},
	title = {{Levitation and Self-Organization of Droplets}},
	volume = {53},
	year = {2021}}

@article{rein1993phenomena,
	author = {Rein, M.},
	file = {:articles/rein(1993).pdf:PDF},
	journal = {Fluid Dyn. Res.},
	number = {2},
	pages = {61},
	publisher = {IOP Publishing},
	title = {Phenomena of liquid drop impact on solid and liquid surfaces},
	volume = {12},
	year = {1993}}

@article{rioboo2001outcomes,
	author = {Rioboo, R. and Tropea, C. and Marengo, M.},
	journal = {Atomization Sprays},
	number = {2},
	publisher = {Begel House Inc.},
	title = {Outcomes from a drop impact on solid surfaces},
	volume = {11},
	year = {2001}}

@book{worthington2019study,
	author = {Worthington, A. M.},
	file = {:books/worthington(1908).pdf:PDF},
	publisher = {London: Longman, Green and Co},
	title = {A study of splashes},
	year = {1908}}

@article{weiss1999single,
	author = {Weiss, D. A. and Yarin, A. L.},
	file = {:articles/weiss(1999).pdf:PDF},
	journal = {J. Fluid Mech.},
	pages = {229--254},
	publisher = {Cambridge University Press},
	title = {Single drop impact onto liquid films: neck distortion, jetting, tiny bubble entrainment, and crown formation},
	volume = {385},
	year = {1999}}

@article{thoroddsen2008high,
	author = {Thoroddsen, S. T. and Etoh, T. G. and Takehara, K.},
	journal = arfm,
	pages = {257--285},
	publisher = {Annual Reviews},
	title = {High-speed imaging of drops and bubbles},
	volume = {40},
	year = {2008}
}

@article{josserand2016drop,
	author = {Josserand, C. and Thoroddsen, S. T.},
	file = {:articles/josserrand(2016).pdf:PDF},
	journal = arfm,
	pages = {365--391},
	publisher = {Annual Reviews},
	title = {Drop impact on a solid surface},
	volume = {48},
	year = {2016}}

@article{wenzel1936resistance,
	author = {Wenzel, R. N.},
	journal = {Ind. Eng. Chem.},
	number = {8},
	pages = {988--994},
	publisher = {ACS Publications},
	title = {Resistance of solid surfaces to wetting by water},
	volume = {28},
	year = {1936}}

@article{shibuichi1996super,
	author = {Shibuichi, S. and Onda, T. and Satoh, N. and Tsujii, K.},
	journal = {J. Phys. Chem.},
	number = {50},
	pages = {19512--19517},
	publisher = {ACS Publications},
	title = {Super water-repellent surfaces resulting from fractal structure},
	volume = {100},
	year = {1996}}

@article{davis1989lubrication,
	author = {Davis, R. H. and Schonberg, J. A. and Rallison, J. M.},
	journal = {Phys. Fluids A},
	number = {1},
	pages = {77--81},
	publisher = {American Institute of Physics},
	title = {The lubrication force between two viscous drops},
	volume = {1},
	year = {1989}}

@article{yiantsios1991close,
	author = {Yiantsios, S. G. and Davis, R. H.},
	journal = {J. Colloid Interface Sci.},
	number = {2},
	pages = {412--433},
	publisher = {Elsevier},
	title = {Close approach and deformation of two viscous drops due to gravity and van der Waals forces},
	volume = {144},
	year = {1991}}

@article{yiantsios1990buoyancy,
	author = {Yiantsios, S. G. and Davis, R. H.},
	journal = jfm,
	pages = {547--573},
	publisher = {Cambridge University Press},
	title = {On the buoyancy-driven motion of a drop towards a rigid surface or a deformable interface},
	volume = {217},
	year = {1990}}

@article{richard2002contact,
	author = {Richard, D. and Clanet, C. and Qu{\'e}r{\'e}, D.},
	file = {:articles/richard(2002).pdf:PDF},
	journal = {Nature},
	number = {6891},
	pages = {811--811},
	publisher = {Nature Publishing Group},
	title = {Contact time of a bouncing drop},
	volume = {417},
	year = {2002}}

@article{rayleigh1879capillary,
	author = {Rayleigh, {Lord}},
	journal = {Proc. R. Soc. London},
	number = {196-199},
	pages = {71--97},
	title = {On the capillary phenomena of jets},
	volume = {29},
	year = {1879}}

@article{legendre2005experimental,
	author = {Legendre, D. and Daniel, C. and Guiraud, P.},
	journal = pof,
	number = {9},
	pages = {097105},
	publisher = {American Institute of Physics},
	title = {Experimental study of a drop bouncing on a wall in a liquid},
	volume = {17},
	year = {2005}}

@article{terwagne2013role,
	author = {Terwagne, D. and Ludewig, F. and Vandewalle, N. and Dorbolo, S.},
	journal = pof,
	number = {12},
	pages = {122101},
	publisher = {American Institute of Physics},
	title = {The role of the droplet deformations in the bouncing droplet dynamics},
	volume = {25},
	year = {2013}}

@article{gilet2012droplets,
	author = {Gilet, T. and Bush, J. W. M.},
	file = {:articles/gilet(2012).pdf:PDF},
	journal = {Phys. Fluids},
	number = {12},
	pages = {122103},
	publisher = {American Institute of Physics},
	title = {Droplets bouncing on a wet, inclined surface},
	volume = {24},
	year = {2012}}

@article{lo2017mechanism,
	author = {Lo, H. Y. and Liu, Y. and Xu, L.},
	file = {:articles/lo(2017).pdf:PDF},
	journal = {Phys. Rev. X},
	number = {2},
	pages = {021036},
	publisher = {APS},
	title = {Mechanism of contact between a droplet and an atomically smooth substrate},
	volume = {7},
	year = {2017}}

@article{pack2017failure,
	author = {Pack, M. and Hu, H. and Kim, D. and Zheng, Z. and Stone, H. A. and Sun, Y.},
	file = {:articles/pack(2017).pdf:PDF},
	journal = {Soft Matter},
	number = {12},
	pages = {2402--2409},
	publisher = {Royal Society of Chemistry},
	title = {Failure mechanisms of air entrainment in drop impact on lubricated surfaces},
	volume = {13},
	year = {2017}}

@article{lakshman2021deformation,
	author = {Lakshman, S. and Tewes, W. and Harth, K. and Snoeijer, J. H. and Lohse, D.},
	journal = jfm,
	publisher = {Cambridge University Press},
	title = {Deformation and relaxation of viscous thin films under bouncing drops},
	volume = {920},
	year = {2021}}

@article{mitra2021bouncing,
	author = {Mitra, S. and Vo, Q. and Tran, T.},
	journal = {arXiv preprint arXiv:2103.09473},
	title = {Bouncing-to-wetting transition for impact of water droplets on soft solids},
	year = {2021}}

@article{wu2020small,
	author = {Wu, Z. and Hao, J. and Lu, J. and Xu, L. and Hu, G. and Floryan, J. M.},
	journal = pof,
	number = {1},
	pages = {012107},
	publisher = {AIP Publishing LLC},
	title = {Small droplet bouncing on a deep pool},
	volume = {32},
	year = {2020}}

@article{gilet2009fluid,
	author = {Gilet, T. and Bush, J. W. M.},
	journal = jfm,
	pages = {167--203},
	publisher = {Cambridge University Press},
	title = {The fluid trampoline: droplets bouncing on a soap film},
	volume = {625},
	year = {2009}}

@article{galeano2021capillary,
	author = {Galeano-Rios, C. A. and Cimpeanu, R. and Bauman, I. A. and MacEwen, A. and Milewski, P. A. and Harris, D. M.},
	journal = jfm,
	publisher = {Cambridge University Press},
	title = {Capillary-scale solid rebounds: experiments, modelling and simulations},
	volume = {912},
	year = {2021}}

@article{quere2008wetting,
	author = {Qu{\'e}r{\'e}, D.},
	journal = {Annu. Rev. Mater. Res.},
	pages = {71--99},
	publisher = arfm,
	title = {Wetting and roughness},
	volume = {38},
	year = {2008}}

@article{mandre2009precursors,
	author = {Mandre, S. and Mani, M. and Brenner, M. P.},
	file = {:articles/mandre(2009).pdf:PDF},
	journal = {Phys. Rev. Lett.},
	number = {13},
	pages = {134502},
	publisher = {APS},
	title = {Precursors to splashing of liquid droplets on a solid surface},
	volume = {102},
	year = {2009}}

@article{hicks2010air,
	author = {Hicks, P. D. and Purvis, R.},
	journal = {J. Fluid Mech.},
	pages = {135--163},
	publisher = {Cambridge University Press},
	title = {Air cushioning and bubble entrapment in three-dimensional droplet impacts},
	volume = {649},
	year = {2010}}

@article{xu2005drop,
	author = {Xu, L. and Zhang, W. W. and Nagel, S. R.},
	journal = {Phys. Rev. Lett.},
	number = {18},
	pages = {184505},
	publisher = {APS},
	title = {Drop splashing on a dry smooth surface},
	volume = {94},
	year = {2005}}

@article{thoroddsen2003air,
	author = {Thoroddsen, S. T. and Etoh, T. G. and Takehara, K.},
	journal = {J. Fluid Mech.},
	pages = {125--134},
	publisher = {Cambridge University Press},
	title = {Air entrapment under an impacting drop},
	volume = {478},
	year = {2003}}

@article{thoroddsen2005air,
	author = {Thoroddsen, S. T. and Etoh, T. G. and Takehara, K. and Ootsuka, N. and Hatsuki, Y.},
	file = {:articles/thoroddsen(2005).pdf:PDF},
	journal = {J. Fluid Mech.},
	pages = {203--212},
	publisher = {Cambridge University Press},
	title = {The air bubble entrapped under a drop impacting on a solid surface},
	volume = {545},
	year = {2005}}

@article{tran2013air,
	author = {Tran, T. and {de Maleprade}, H. and Sun, C. and Lohse, D.},
	file = {:articles/tran(2013).pdf:PDF},
	journal = {J. Fluid Mech.},
	publisher = {Cambridge University Press},
	title = {Air entrainment during impact of droplets on liquid surfaces},
	volume = {726},
	pages = {R3},
	year = {2013}}

@article{hendrix2016universal,
	author = {Hendrix, M. H. and Bouwhuis, W. and {van der Meer}, D. and Lohse, D. and Snoeijer, J. H.},
	file = {:articles/hendrix(2016).pdf:PDF},
	journal = {J. Fluid Mech.},
	pages = {708--725},
	publisher = {Cambridge University Press},
	title = {Universal mechanism for air entrainment during liquid impact},
	volume = {789},
	year = {2016}}

@article{van2012direct,
	author = {{van der Veen}, R. C. A. and Tran, T. and Lohse, D. and Sun, C.},
	file = {:articles/vanderveen(2012).pdf:PDF},
	journal = {Phys. Rev. E},
	number = {2},
	pages = {026315},
	publisher = {APS},
	title = {Direct measurements of air layer profiles under impacting droplets using high-speed color interferometry},
	volume = {85},
	year = {2012}}

@article{duchemin2020dimple,
	author = {Duchemin, L. and Josserand, C.},
	journal = PNAS,
	number = {34},
	pages = {20416--20422},
	publisher = {National Acad Sciences},
	title = {Dimple drainage before the coalescence of a droplet deposited on a smooth substrate},
	volume = {117},
	year = {2020}}

@article{li_vakarelski_thoroddsen_2015,
	author = {Li, E. Q. and Vakarelski, I. U. and Thoroddsen, S. T.},
	journal = {J. Fluid Mech.},
	pages = {R2},
	publisher = {Cambridge University Press},
	title = {Probing the nanoscale: the first contact of an impacting drop},
	volume = {785},
	year = {2015}}

@article{essink2021regimes,
	author = {Essink, M. H. and Pandey, A. and Karpitschka, S. and Venner, C. H. and Snoeijer, J. H},
	journal = jfm,
	publisher = {Cambridge University Press},
	title = {Regimes of soft lubrication},
	volume = {915},
	year = {2021}}

@article{de2015bouncing,
	author = {{de Ruiter}, J. and Lagraauw, R. and Mugele, F. and {van den Ende}, D.},
	journal = jfm,
	pages = {531--567},
	publisher = {Cambridge University Press},
	title = {Bouncing on thin air: how squeeze forces in the air film during non-wetting droplet bouncing lead to momentum transfer and dissipation},
	volume = {776},
	year = {2015}}

@article{oron1997long,
	author = {Oron, A. and Davis, S. H. and Bankoff, S. G.},
	journal = {Rev. Mod. Phys.},
	number = {3},
	pages = {931},
	publisher = {APS},
	title = {Long-scale evolution of thin liquid films},
	volume = {69},
	year = {1997}}

@article{reynolds1886,
	author = {Reynolds, O.},
	journal = {Philos. Trans. Royal Soc.},
	volume = {177},
	pages = {157--234},
	publisher = {The Royal Society London},
	title = {On the theory of lubrication and its application to Mr. Beauchamp tower's experiments, including an experimental determination of the viscosity of olive oil},
	year = {1886}
}

@article{tang2016nonmonotonic,
	author = {Tang, X. and Saha, A. and Law, C.K. and Sun, C.},
	journal = {Soft Matter},
	number = {20},
	pages = {4521--4529},
	publisher = {The Royal Society of Chemistry},
	title = {Nonmonotonic response of drop impacting on liquid film: mechanism and scaling},
	volume = {12},
	year = {2016}}

@article{jayaratne1964coalescence,
	author = {Jayaratne, O. W. and Mason, B. J.},
	journal = {Proc. R. Soc. London, Ser. A},
	number = {1383},
	pages = {545--565},
	publisher = {The Royal Society London},
	title = {The coalescence and bouncing of water drops at an air/water interface},
	volume = {280},
	year = {1964}}

@article{chandra1991collision,
	author = {Chandra, S. and Avedisian, C. T.},
	file = {:articles/chandra(1991).pdf:PDF},
	journal = {Proc. R. Soc. A},
	number = {1884},
	pages = {13--41},
	publisher = {The Royal Society London},
	title = {On the collision of a droplet with a solid surface},
	volume = {432},
	year = {1991}}

@article{quere2013leidenfrost,
	author = {Qu{\'e}r{\'e}, D.},
	file = {:articles/quere(2013).pdf:PDF},
	journal = {Annu. Rev. Fluid Mech.},
	pages = {197--215},
	publisher = {Annual Reviews},
	title = {Leidenfrost dynamics},
	volume = {45},
	year = {2013}}

@article{adda2016inverse,
	author = {Adda-Bedia, M. and Kumar, S. and Lechenault, F. and Moulinet, S. and Schillaci, M. and Vella, D.},
	journal = {Langmuir},
	number = {17},
	pages = {4179--4188},
	publisher = {ACS Publications},
	title = {Inverse Leidenfrost effect: Levitating drops on liquid nitrogen},
	volume = {32},
	year = {2016}}

@article{mouterde2017merging,
	author = {Mouterde, T. and Nguyen, T.-V. and Takahashi, H. and Clanet, C. and Shimoyama, I. and Qu{\'e}r{\'e}, D.},
	journal = {Phys. Rev. Fluids},
	number = {11},
	pages = {112001},
	publisher = {APS},
	title = {How merging droplets jump off a superhydrophobic surface: Measurements and model},
	volume = {2},
	year = {2017}}

@article{lecointre2019ballistics,
	author = {Lecointre, P. and Mouterde, T. and Checco, A. and Black, C. T. and Rahman, A. and Clanet, C. and Qu{\'e}r{\'e}, D.},
	journal = {Phys. Rev. Fluids},
	number = {1},
	pages = {013601},
	publisher = {APS},
	title = {Ballistics of self-jumping microdroplets},
	volume = {4},
	year = {2019}}

@article{sykes2020surface,
	author = {Sykes, T. C. and Castrej{\'o}n-Pita, A. A. and Castrej{\'o}n-Pita, J. R. and Harbottle, D. and Khatir, Z. and Thompson, H. M. and Wilson, M. C. T.},
	journal = {Phys. Rev. Fluids},
	number = {2},
	pages = {023602},
	publisher = {APS},
	title = {Surface jets and internal mixing during the coalescence of impacting and sessile droplets},
	volume = {5},
	year = {2020}}

@article{savart1833hydraulicjump,
	author = {Savart, F.},
	journal = {Ann. Chim. Phys.},
	pages = {113--145},
	title = {{Suite du m{\'e}moire sur le choc d'une veine liquide lanc{\'e}e contre un plan circulaire.}},
	volume = {54},
	year = {1833}}

@article{savart1833oppositejets,
	author = {Savart, F.},
	journal = {Ann. Chim. Phys.},
	pages = {257--310},
	title = {{M{\'e}moire sur le choc de deux veines liquides anim{\'e}es de mouvements directement oppos{\'e}s.}},
	volume = {55},
	year = {1833}}

@article{savart1833waterbells,
	author = {Savart, F.},
	journal = {Ann. Chim. Phys.},
	pages = {56--57},
	title = {{M{\'e}moire sur le choc d'une veine liquide lanc{\'e}e contre un plan circulaire.}},
	volume = {54},
	year = {1833}}

@article{dupre1867theorie,
	author = {Dupr{\'e}, A.},
	journal = {Ann. Chim. Phys.},
	pages = {194--219},
	title = {{Th{\'e}orie m{\'e}canique de la chaleur}},
	volume = {11},
	year = {1867}}

@book{dupre1869theorie,
	author = {Dupr{\'e}, A.},
	publisher = {Gauthier-Villars},
	title = {{Th{\'e}orie m{\'e}canique de la chaleur}},
	year = {1869}}

@article{rayleigh-1891-nature,
	author = {Rayleigh, {Lord}},
	journal = {Nature},
	pages = {249},
	title = {{Some applications of photography}},
	volume = {44},
	year = {1891}}

@article{wagner1932stoss,
	title={{\"U}ber {S}to{\ss}-{\,}und {G}leitvorg{\"a}nge an der {O}berfl{\"a}che von {F}l{\"u}ssigkeiten},
	author={Wagner, H.},
	journal={Z. Angew. Math. Mech.},
	volume={12},
	number={4},
	pages={193--215},
	year={1932},
	publisher={Wiley Online Library}
}

@article{woodcock1953giant,
	author = {Woodcock, A. H. and Kientzler, C. F. and Arons, A. B. and Blanchard, D. C.},
	journal = {Nature},
	number = {4390},
	pages = {1144--1145},
	publisher = {Nature Publishing Group},
	title = {Giant condensation nuclei from bursting bubbles},
	volume = {172},
	year = {1953}}

@article{mason1954bursting,
	author = {Mason, B. J.},
	journal = {Nature},
	number = {4427},
	pages = {470},
	publisher = {Nature Publishing Group},
	title = {{Bursting of air bubbles at the surface of sea water}},
	volume = {174},
	year = {1954}}

@article{taylor1959dynamics,
	author = {Taylor, G. I.},
	journal = {Proc. R. Soc. London, Ser. A},
	number = {1274},
	pages = {289--295},
	publisher = {The Royal Society London},
	title = {{The dynamics of thin-sheets of fluid. I. water bells}},
	volume = {253},
	year = {1959}}

@article{ranz-1959-japplphys,
	author = {Ranz, W. E.},
	journal = {J. Appl. Phys.},
	pages = {1950--1955},
	title = {{Some experiments on the dynamics of liquid films}},
	volume = {30},
	year = {1959}}

@article{taylor-1959-procrsoclonda,
	author = {Taylor, G. I.},
	journal = {Proc. R. Soc. London, Ser. A},
	pages = {313--321},
	title = {{The dynamics of thin sheets of fluid. {III}. {D}isintegration of fluid sheets}},
	volume = {253},
	year = {1959}}

@article{toba1959drop,
	author = {Toba, Y.},
	journal = {J. Ocean. Soc. Jpn.},
	number = {3},
	pages = {121--130},
	publisher = {The Oceanographic Society of Japan},
	title = {{Drop production by bursting of air bubbles on the sea surface (II) theoretical study on the shape of floating bubbles}},
	volume = {15},
	year = {1959}}

@article{culick-1960-japplphys,
	author = {Culick, F. E. C.},
	journal = {J. Appl. Phys.},
	pages = {1128--1129},
	title = {{Comments on a ruptured soap film}},
	volume = {31},
	year = {1960}}

@article{princen1963shape,
	author = {Princen, H. M.},
	journal = {J. Colloid Sci.},
	number = {2},
	pages = {178--195},
	publisher = {Elsevier},
	title = {{Shape of a fluid drop at a liquid-liquid interface}},
	volume = {18},
	year = {1963}}

@article{chorin1968numerical,
	author = {Chorin, A. J.},
	journal = {Math. Comput.},
	number = {104},
	pages = {745--762},
	title = {{Numerical solution of the Navier-Stokes equations}},
	volume = {22},
	year = {1968}}

@article{frankel-1969-jphyschem,
	author = {Frankel, S. and Mysels, K. J.},
	journal = {J. Phys. Chem.},
	pages = {3028--3038},
	title = {The bursting of soap films. {II}. {T}heoretical considerations},
	volume = {73},
	year = {1969}}

@article{mcentee-1969-jphyschem,
	author = {McEntee, W. R. and Mysels, K. J.},
	journal = {J. Phys. Chem.},
	pages = {3018--3028},
	title = {The bursting of soap films. {I}. {A}n experimental study},
	volume = {73},
	year = {1969}}

@article{hoult1972oil,
	author = {Hoult, D. P.},
	journal = {Annu. Rev. Fluid Mech.},
	number = {1},
	pages = {341--368},
	publisher = {Annual Reviews},
	title = {{Oil spreading on the sea}},
	volume = {4},
	year = {1972}}

@article{macintyre1972flow,
	author = {MacIntyre, F.},
	journal = {J. Geophys. Res.},
	number = {27},
	pages = {5211--5228},
	publisher = {Wiley Online Library},
	title = {{Flow patterns in breaking bubbles}},
	volume = {77},
	year = {1972}}

@article{mysels-1973-jphyschem,
	author = {Mysels, K. J. and Vijayendran, B. R.},
	journal = {J. Phys. Chem.},
	pages = {1692--1694},
	title = {{Film bursting. {V}. {T}he effect of various atmospheres and the anomaly of {N}ewton {B}lack films}},
	volume = {77},
	year = {1973}}

@article{burrill-1973-jcis,
	author = {Burrill, K. A. and Woods, D. R.},
	journal = {J. Colloid Interface Sci.},
	pages = {15--34},
	title = {{Film shapes for deformable drops at liquid-liquid interfaces}},
	volume = {42},
	year = {1973}}

@article{taylor1973making,
	author = {Taylor, G. I. and Michael, D. H.},
	journal = {J. Fluid Mech.},
	number = {4},
	pages = {625--639},
	publisher = {Cambridge University Press},
	title = {{On making holes in a sheet of fluid}},
	volume = {58},
	year = {1973}}

@book{book-lamb,
	author = {Lamb, H.},
	edition = {Sixth},
	publisher = {Cambridge {U}niversity {P}ress},
	title = {{Hydrodynamics}},
	year = {1975}}

@article{blanch1976non,
	author = {Blanch, H. W. and Bhavaraju, S. M.},
	journal = {Biotechnolo. Bioeng.},
	number = {6},
	pages = {745--790},
	publisher = {Wiley Online Library},
	title = {{Non-Newtonian fermentation broths: Rheology and mass transfer}},
	volume = {18},
	year = {1976}}

@book{book-happel,
	title={{Low Reynolds number hydrodynamics: with special applications to particulate media}},
	author={Happel, J. and Brenner, H.},
	volume={1},
	year={2012},
	publisher={Springer Science \& Business Media}
}


@article{keller-1983-pof,
	author = {Keller, J. B.},
	journal = {Phys. Fluids},
	pages = {3451--3453},
	title = {{Breaking of liquid films and threads}},
	volume = {26},
	year = {1983}}

@article{bird1983rheology,
	author = {Bird, R. B. and Dai, G. C. and Yarusso, B. J.},
	journal = {Rev. Chem. Eng.},
	number = {1},
	pages = {1--70},
	publisher = {De Gruyter},
	title = {{The rheology and flow of viscoplastic materials}},
	volume = {1},
	year = {1983}}

@article{nearing1986,
	author = {Nearing, M. A. and Bradford, J. M. and Holtz, R. D.},
	journal = {Soil Sci. Soc. Am. J.},
	pages = {1532--1536},
	title = {Measurement of force vs. time relations for waterdrop impact},
	volume = {50},
	year = {1986}}

@book{landau2013course,
	author = {Landau, L. D. and Lifshitz, E. M.},
	edition = {2},
	publisher = {Elsevier},
	title = {{Fluid Mechanics -- Volume 6: Course of Theoretical Physics}},
	year = {1987}}

@article{fraaije-1989-jcis,
	author = {Fraaije, J. G. E. M. and Cazabat, A. M.},
	journal = {J. Colloid Interface Sci.},
	pages = {452--460},
	title = {{Dynamics of spreading on a liquid substrate}},
	volume = {133},
	year = {1989}}

@article{stone1989relaxation,
	author = {Stone, H. A. and Leal, L. G.},
	journal = {J. Fluid Mech.},
	pages = {399--427},
	publisher = {Cambridge University Press},
	title = {{Relaxation and breakup of an initially extended drop in an otherwise quiescent fluid}},
	volume = {198},
	year = {1989}}

@article{bell1989second,
	author = {Bell, J. B. and Colella, P. and Glaz, H. M.},
	journal = {J. Comput. Phys.},
	number = {2},
	pages = {257--283},
	publisher = {Elsevier},
	title = {{A second-order projection method for the incompressible Navier-Stokes equations}},
	volume = {85},
	year = {1989}}

@article{pandit-1990-jfm,
	author = {Pandit, A. B. and Davidson, J. F.},
	journal = {J. Fluid Mech.},
	pages = {11--24},
	title = {{Hydrodynamics of the rupture of thin liquid films}},
	volume = {212},
	year = {1990}}

@article{redon-1991-prl,
	author = {Redon, C. and Brochard-Wyart, F. and Rondelez, F.},
	journal = {Phys. Rev. Lett.},
	pages = {715--718},
	title = {{Dynamics of dewetting}},
	volume = {66},
	year = {1991}}

@article{brackbill1992continuum,
	author = {Brackbill, J. U. and Kothe, D. B. and Zemach, C.},
	journal = {J. Comput. Phys.},
	number = {2},
	pages = {335--354},
	publisher = {Elsevier},
	title = {A continuum method for modeling surface tension},
	volume = {100},
	year = {1992}}

@article{jiang1992,
	author = {Jiang, Y. J. and Umemura, A. and Law, C. K.},
	journal = {J. Fluid Mech.},
	pages = {171--190},
	title = {{An experimental investigation on the collision behaviour of hydrocarbon droplets}},
	volume = {234},
	year = {1992}}

@article{boulton1993gas,
	author = {Boulton-Stone, J. M. and Blake, J. R.},
	journal = {J. Fluid Mech.},
	pages = {437--466},
	publisher = {Cambridge University Press},
	title = {{Gas bubbles bursting at a free surface}},
	volume = {254},
	year = {1993}}

@article{brochardwyart-1993-langmuir,
	author = {Brochard-Wyart, F. and Martin, P. and Redon, C.},
	journal = {Langmuir},
	pages = {3682--3690},
	title = {{Liquid/liquid dewetting}},
	volume = {9},
	year = {1993}}

@article{shull-1994-langmuir,
	author = {Shull, K. R. and Karis, T. E.},
	journal = {Langmuir},
	pages = {334--339},
	title = {{Dewetting dynamics for large equilibrium contact angles}},
	volume = {10},
	year = {1994}}

@article{martin-1994-epl,
	author = {Martin, P. and Buguin, A. and Brochard-Wyart, F.},
	journal = {Eur. Lett.},
	pages = {421--426},
	title = {{Bursting of a liquid film on a liquid substrate}},
	volume = {28},
	year = {1994}}

@article{longuet1995critical,
	author = {Longuet-Higgins, M. S. and Oguz, H.},
	journal = {J. Fluid Mech.},
	pages = {183--201},
	publisher = {Cambridge University Press},
	title = {{Critical microjets in collapsing cavities}},
	volume = {290},
	year = {1995}}

@article{debregeas-1995-prl,
	author = {Debr{\'e}geas, G. and Martin, P. and Brochard-Wyart, F.},
	journal = {Phys. Rev. Lett.},
	pages = {3886--3889},
	title = {{Viscous bursting of suspended films}},
	volume = {75},
	year = {1995}}

@article{lambooy-1996-prl,
	author = {Lambooy, P. and Phelan, K. C. and Haugg, O. and Krausch, G.},
	journal = {Phys. Rev. Lett.},
	pages = {1110--1113},
	title = {{Dewetting at the liquid-liquid interface}},
	volume = {76},
	year = {1996}}

@article{onda1996super,
	author = {Onda, T. and Shibuichi, S. and Satoh, N. and Tsujii, K.},
	journal = {Langmuir},
	number = {9},
	pages = {2125--2127},
	publisher = {ACS Publications},
	title = {{Super-water-repellent fractal surfaces}},
	volume = {12},
	year = {1996}}

@article{andrieu-1996-jadhesion,
	author = {Andrieu, C. and Sykes, C. and Brochard, F.},
	journal = {J. Adhes.},
	pages = {15--24},
	title = {{Dynamics of fast dewetting on model solid substrates}},
	volume = {58},
	year = {1996}}

@article{qian1997,
	author = {Qian, J. and Law, C. K.},
	journal = {J. Fluid Mech.},
	pages = {59--80},
	publisher = {Cambridge University Press},
	title = {{Regimes of coalescence and separation in droplet collision}},
	volume = {331},
	year = {1997}}

@article{debregeas-1998-science,
	author = {Debr{\'e}geas, G. and de Gennes, P.-G. and Brochard-Wyart, F.},
	journal = {Sci. (80-. ).},
	pages = {1704--1707},
	title = {{The life and death of \lq \lq bare" viscous bubbles}},
	volume = {279},
	year = {1998}}

@article{haidara-1998-langmuir,
	author = {Haidara, H. and Vonna, L. and Schultz, J.},
	journal = {Langmuir},
	pages = {3425--3434},
	title = {{Instability and dewetting of confined thin liquid films in nonmiscible external bulk fluids (water and aqueous surfactant solutions): experiments versus theoretical predictions}},
	volume = {14},
	year = {1998}}

@article{brenner-1999-pof,
	author = {Brenner, M. P. and Gueyffier, D.},
	journal = {Phys. Fluids},
	pages = {737--739},
	title = {{On the bursting of viscous films}},
	volume = {11},
	year = {1999}}

@article{buguin-1999-prl,
	author = {Buguin, A. and Vovelle, L. and Brochard-Wyart, F.},
	journal = {Phys. Rev. Lett.},
	pages = {1183--1186},
	title = {{Shocks in inertial dewetting}},
	volume = {83},
	year = {1999}}

@article{kdv-1999-pre,
	author = {Dalnoki-Veress, K. and Nickel, B. G. and Roth, C. and Dutcher, J. R.},
	journal = {Phys. Rev. E},
	pages = {2153--2156},
	title = {{Hole formation and growth in freely standing polystyrene films}},
	volume = {59},
	year = {1999}}

@article{barnes1999yield,
	author = {Barnes, H. A.},
	journal = {J. Non-Newton. Fluid Mech.},
	number = {1-2},
	pages = {133--178},
	publisher = {Elsevier},
	title = {The yield stress---a review or `$\pi$$\alpha$$\nu$$\tau$$\alpha$\,$\rho$$\varepsilon$$\iota$'---everything flows?},
	volume = {81},
	year = {1999}}

@article{zeff2000singularity,
	author = {Zeff, B. W. and Kleber, B. and Fineberg, J. and Lathrop, D. P.},
	journal = {Nature},
	number = {6768},
	pages = {401},
	publisher = {Nature Publishing Group},
	title = {{Singularity dynamics in curvature collapse and jet eruption on a fluid surface}},
	volume = {403},
	year = {2000}}

@article{bergeron2000,
	author = {Bergeron, V. and Bonn, D. and Martin, J. Y. and Vovelle, L.},
	journal = {Nature},
	number = {6788},
	pages = {772--775},
	title = {{Controlling droplet deposition with polymer additives}},
	volume = {405},
	year = {2000}}

@article{vaynblat-2001-pof,
	author = {Vaynblat, D. and Lister, J. R. and Witelski, T. P.},
	journal = {Phys. Fluids},
	pages = {1130--1140},
	title = {{Rupture of thin viscous films by van der {W}aals forces: evolution and self-similarity}},
	volume = {13},
	year = {2001}}

@article{bergeron2001water,
	author = {Bergeron, V. and Qu{\'e}r{\'e}, D.},
	journal = {Phys. World},
	number = {5},
	pages = {27},
	publisher = {IOP Publishing},
	title = {{Water droplets make an impact}},
	volume = {14},
	year = {2001}}

@article{sunderhauf-2002-pof,
	author = {S{\"u}nderhauf, G. and Raszillier, H. and Durst, F.},
	journal = {Phys. Fluids},
	pages = {198--208},
	title = {{The retraction of the edge of a planar liquid sheet}},
	volume = {14},
	year = {2002}}

@article{duchemin2002jet,
	author = {Duchemin, L. and Popinet, S. and Josserand, C. and Zaleski, S.},
	journal = {Phys. Fluids},
	number = {9},
	pages = {3000--3008},
	publisher = {AIP},
	title = {{Jet formation in bubbles bursting at a free surface}},
	volume = {14},
	year = {2002}}

@article{cohen-2002-prl,
	author = {Cohen, I. and Nagel, S. R.},
	journal = {Phys. Rev. Lett.},
	pages = {74501},
	title = {{Scaling the selective withdrawal transition through a tube suspended above the fluid surface}},
	volume = {88},
	year = {2002}}

@article{renardy2003pyramidal,
	author = {Renardy, Y. and Popinet, S. and Duchemin, L. and Renardy, M. and Zaleski, S. and Josserand, C. and Drumright-Clarke, M. A. and Richard, D. and Clanet, C. and Qu{\'e}r{\'e}, D.},
	journal = {J. Fluid Mech.},
	pages = {69--83},
	publisher = {Cambridge University Press},
	title = {Pyramidal and toroidal water drops after impact on a solid surface},
	volume = {484},
	year = {2003}}

@article{vola2003laminar,
	author = {Vola, D. and Boscardin, L. and Latch{\'e}, J. C.},
	journal = {J. Comput. Phys.},
	number = {2},
	pages = {441--456},
	publisher = {Elsevier},
	title = {Laminar unsteady flows of Bingham fluids: a numerical strategy and some benchmark results},
	volume = {187},
	year = {2003}}

@article{lafuma2003,
	author = {Lafuma, A. and Qu{\'e}r{\'e}, D.},
	journal = {Nat. Mater.},
	number = {7},
	pages = {457--460},
	publisher = {Nature Publishing Group},
	title = {{Superhydrophobic states}},
	volume = {2},
	year = {2003}}

@article{willis2003,
	author = {Willis, K. and Orme, M.},
	journal = {Exp. Fluids},
	number = {1},
	pages = {28--41},
	title = {{Binary droplet collisions in a vacuum environment: An experimental investigation of the role of viscosity}},
	volume = {34},
	year = {2003}}

@book{book-degennes,
	author = {de Gennes, P.-G. and Brochard-Wyart, F. and Qu{\'e}r{\'e}, D.},
	publisher = {{S}pringer},
	title = {{Capillarity and {W}etting {P}henomena: {D}rops, {B}ubbles, {P}earls, {W}aves}},
	year = {2004}}

@article{lohse2004impact,
	author = {Lohse, D. and Bergmann, R. and Mikkelsen, R. and Zeilstra, C. and {van der Meer}, D. and Versluis, M. and {van der Weele}, K. and {van der Hoef}, M. and Kuipers, H.},
	journal = {Phys. Rev. Lett.},
	number = {19},
	pages = {198003},
	publisher = {APS},
	title = {Impact on soft sand: Void collapse and jet formation},
	volume = {93},
	year = {2004}}

@article{dubash2004conditions,
	author = {Dubash, N. and Frigaard, I.},
	journal = {Phys. Fluids},
	number = {12},
	pages = {4319--4330},
	publisher = {American Institute of Physics},
	title = {{Conditions for static bubbles in viscoplastic fluids}},
	volume = {16},
	year = {2004}}

@misc{deserno2004notes,
	author = {Deserno, M.},
	howpublished = {\href{https://www.cmu.edu/biolphys/deserno/pdf/diff_geom.pdf}{https://www.cmu.edu/biolphys/deserno/pdf/diff\_geom.pdf} (Last accessed: March 31, 2021)},
	title = {{Notes on differential geometry}},
	year = {2004}}

@article{clanet2004,
	author = {Clanet, C. and B{\'e}guin, C. and Richard, D. and Qu{\'e}r{\'e}, D.},
	journal = {J. Fluid Mech.},
	pages = {199--208},
	publisher = {Cambridge University Press},
	title = {Maximal deformation of an impacting drop},
	volume = {517},
	year = {2004}}

@article{bremond-2005-jfm,
	author = {Bremond, N. and Villermaux, E.},
	journal = {J. Fluid Mech.},
	pages = {121--130},
	title = {{Bursting thin liquid films}},
	volume = {524},
	year = {2005}}

@article{callies2005water,
	author = {Callies, M. and Qu{\'e}r{\'e}, D.},
	journal = sm,
	number = {1},
	pages = {55--61},
	publisher = {Royal Society of Chemistry},
	title = {On water repellency},
	volume = {1},
	year = {2005}}


@article{frigaard2005usage,
	author = {Frigaard, I. A. and Nouar, C.},
	journal = {J. Non-Newton. Fluid Mech.},
	number = {1},
	pages = {1--26},
	publisher = {Elsevier},
	title = {On the usage of viscosity regularisation methods for visco-plastic fluid flow computation},
	volume = {127},
	year = {2005}}

@article{liger2005physics,
	author = {Liger-Belair, G.},
	journal = {J. Agric. Food. Chem.},
	number = {8},
	pages = {2788--2802},
	publisher = {ACS Publications},
	title = {The physics and chemistry behind the bubbling properties of champagne and sparkling wines: a state-of-the-art review},
	volume = {53},
	year = {2005}}

@article{tavana2005,
	author = {Tavana, H. and Petong, N. and Hennig, A. and Grundke, K. and Neumann, A. W.},
	journal = {J. Adhes.},
	number = {1},
	pages = {29--39},
	title = {Contact angles and coating film thickness},
	volume = {81},
	year = {2005}}

@article{courrechdupont-2006-prl,
	author = {{du Pont}, S. and Eggers, J.},
	journal = {Phys. Rev. Lett.},
	pages = {34501},
	title = {Sink flow deforms the interface between a viscous liquid and air into a tip singularity},
	volume = {96},
	year = {2006}}

@article{bartolo2006bouncing,
	author = {Bartolo, D. and Bouamrirene, F. and Verneuil, E. and Buguin, A. and Silberzan, P. and Moulinet, S.},
	journal = {Eur. Lett.},
	number = {2},
	pages = {299},
	publisher = {IOP Publishing},
	title = {{Bouncing or sticky droplets: Impalement transitions on superhydrophobic micropatterned surfaces}},
	volume = {74},
	year = {2006}}

@article{biance2006,
	author = {Biance, A.-L. and Chevy, F. and Clanet, C. and Lagubeau, G. and Qu{\'e}r{\'e}, D.},
	journal = {J. Fluid Mech.},
	pages = {47--66},
	publisher = {Cambridge University Press},
	title = {{On the elasticity of an inertial liquid shock}},
	volume = {554},
	year = {2006}}

@article{bartolo2006singular,
	author = {Bartolo, D. and Josserand, C. and Bonn, D.},
	journal = {Phys. Rev. Lett.},
	number = {12},
	pages = {124501},
	publisher = {APS},
	title = {{Singular jets and bubbles in drop impact}},
	volume = {96},
	year = {2006}}

@article{pourzahedi2022flow,
	title={Flow onset for a single bubble in a yield-stress fluid},
	author={Pourzahedi, Al and Chaparian, E. and Roustaei, A. and Frigaard, I. A.},
	journal=jfm,
	volume={933},
	year={2022},
	pages={A21},
	publisher={Cambridge University Press}
}

@article{yarin2006drop,
	author = {Yarin, A. L.},
	journal = {Annu. Rev. Fluid Mech.},
	pages = {159--192},
	publisher = {Annual Reviews},
	title = {{Drop impact dynamics: {S}plashing, {S}preading, {R}eceding, {B}ouncing...}},
	volume = {38},
	year = {2006}}

@article{reyssat-2006-epl,
	author = {Reyssat, {\'E}. and Qu{\'e}r{\'e}, D.},
	journal = {Eur. Lett.},
	pages = {236--242},
	title = {Bursting of a fluid film in a viscous environment},
	volume = {76},
	year = {2006}}

@article{elsherbini2006,
	author = {ElSherbini, A. I. and Jacobi, A. M.},
	journal = {J. Colloid Interface Sci.},
	keywords = {Contact angle hysteresis,Critical size,Forces,Incipient motion,Liquid drops,Retention},
	number = {2},
	pages = {841--849},
	title = {{Retention forces and contact angles for critical liquid drops on non-horizontal surfaces}},
	volume = {299},
	year = {2006}}

@article{muller-2007-prl,
	author = {M{\"u}ller, F. and Kornek, U. and Stannarius, R.},
	journal = {Phys. Rev. E},
	pages = {065302 ({R})},
	title = {{Experimental study of the bursting of inviscid bubbles}},
	volume = {75},
	year = {2007}}

@article{clanet2007waterbells,
	author = {Clanet, C.},
	journal = {Annu. Rev. Fluid Mech.},
	pages = {469--496},
	publisher = {Annual Reviews},
	title = {{Waterbells and liquid sheets}},
	volume = {39},
	year = {2007}}

@article{gonnermann2007fluid,
	author = {Gonnermann, H. M. and Manga, M.},
	journal = {Annu. Rev. Fluid Mech.},
	pages = {321--356},
	publisher = {Annual Reviews},
	title = {{The fluid mechanics inside a volcano}},
	volume = {39},
	year = {2007}}

@article{bormashenko2007,
	author = {Bormashenko, E. and Pogreb, R. and Whyman, G. and Erlich, M.},
	journal = {Langmuir},
	number = {24},
	pages = {12217--12221},
	publisher = {ACS Publications},
	title = {Resonance {Cassie-Wenzel} wetting transition for horizontally vibrated drops deposited on a rough surface},
	volume = {23},
	year = {2007}}

@article{sbragaglia2007,
	author = {Sbragaglia, M. and Peters, A. M. and Pirat, C. and Borkent, B. M. and Lammertink, R. G. H. and Wessling, M. and Lohse, D.},
	journal = {Phys. Rev. Lett.},
	number = {15},
	pages = {156001},
	publisher = {APS},
	title = {Spontaneous breakdown of superhydrophobicity},
	volume = {99},
	year = {2007}}

@article{chepushtanova-2007-jfm,
	author = {Chepushtanova, S. V. and Kliakhandler, I. L.},
	journal = {J. Fluid Mech.},
	pages = {297--310},
	title = {{Slow rupture of viscous films between parallel needles}},
	volume = {573},
	year = {2007}}

@article{kim2007spray,
	author = {Kim, J.},
	journal = {Int. J. Heat Fluid Flow},
	number = {4},
	pages = {753--767},
	publisher = {Elsevier},
	title = {{Spray cooling heat transfer: The state of the art}},
	volume = {28},
	year = {2007}}

@article{tuteja2007,
	author = {Tuteja, A. and Choi, W. and Ma, M. and Mabry, J. M. and Mazzella, S. A. and Rutledge, G. C. and McKinley, G. H. and Cohen, R. E.},
	journal = {Science},
	number = {5856},
	pages = {1618--1622},
	publisher = {American Association for the Advancement of Science},
	title = {{Designing superoleophobic surfaces}},
	volume = {318},
	year = {2007}}

@article{tsamopoulos2008steady,
	author = {Tsamopoulos, J. and Dimakopoulos, Y. and Chatzidai, N. and Karapetsas, G. and Pavlidis, M.},
	journal = {J. Fluid Mech.},
	pages = {123--164},
	publisher = {Cambridge University Press},
	title = {{Steady bubble rise and deformation in Newtonian and viscoplastic fluids and conditions for bubble entrapment}},
	volume = {601},
	year = {2008}}

@article{aryafar-2008-pre,
	author = {Aryafar, H. and Kavehpour, H. P.},
	journal = {Phys. Rev. E},
	pages = {37302},
	title = {{Hydrodynamic instabilities of viscous coalescing droplets}},
	volume = {78},
	year = {2008}}

@article{singh2008interacting,
	author = {Singh, J. P. and Denn, M. M.},
	journal = {Phys. Fluids},
	number = {4},
	pages = {40901},
	publisher = {American Institute of Physics},
	title = {{Interacting two-dimensional bubbles and droplets in a yield-stress fluid}},
	volume = {20},
	year = {2008}}

@article{liger2008recent,
	author = {Liger-Belair, G. and Polidori, G. and Jeandet, P.},
	journal = {Chem. Soc. Rev.},
	number = {11},
	pages = {2490--2511},
	publisher = {Royal Society of Chemistry},
	title = {Recent advances in the science of champagne bubbles},
	volume = {37},
	year = {2008}}

@article{wang2008,
	author = {Wang, F. C. and Feng, J. T. and Zhao, Y. P.},
	journal = {J. Colloid Interface Sci.},
	keywords = {Coalescence,Conglutination,Contact time,Droplet collision,Hertz contact theory,Rebound},
	number = {1},
	pages = {196--200},
	title = {{The head-on colliding process of binary liquid droplets at low velocity: High-speed photography experiments and modeling}},
	volume = {326},
	year = {2008}}

@article{pan2008experimental,
	author = {Pan, K.-L. and Law, C. K. and Zhou, B.},
	journal = {J. Appl. Phys.},
	number = {6},
	pages = {64901},
	publisher = {American Institute of Physics},
	title = {Experimental and mechanistic description of merging and bouncing in head-on binary droplet collision},
	volume = {103},
	year = {2008}}

@article{savva-2009-jfm,
	author = {Savva, N. and Bush, J. W. M.},
	journal = {J. Fluid Mech.},
	pages = {211--240},
	title = {{Viscous sheet retraction}},
	volume = {626},
	year = {2009}}

@article{gekle2009high,
	author = {Gekle, S. and Gordillo, J. M. and {van der Meer}, D. and Lohse, D.},
	journal = {Phys. Rev. Lett.},
	number = {3},
	pages = {34502},
	publisher = {APS},
	title = {{High-speed jet formation after solid object impact}},
	volume = {102},
	year = {2009}}

@article{lhuissier-2009-prl,
	author = {Lhuissier, H. and Villermaux, E.},
	journal = {Phys. Rev. Lett.},
	pages = {54501},
	title = {Soap films burst like flapping flags},
	volume = {103},
	year = {2009}}

@article{bonn2009wetting,
	author = {Bonn, D. and Eggers, J. and Indekeu, J. and Meunier, J. and Rolley, E.},
	journal = {Rev. Mod. Phys.},
	number = {2},
	pages = {739},
	publisher = {APS},
	title = {{Wetting and spreading}},
	volume = {81},
	year = {2009}}

@article{sikorski2009motion,
	author = {Sikorski, D. and Tabuteau, H. and de Bruyn, J. R.},
	journal = {J. Non-Newton. Fluid Mech.},
	number = {1-3},
	pages = {10--16},
	publisher = {Elsevier},
	title = {{Motion and shape of bubbles rising through a yield-stress fluid}},
	volume = {159},
	year = {2009}}

@article{boreyko2009,
	author = {Boreyko, J. B. and Chen, C. H.},
	journal = {Phys. Rev. Lett.},
	number = {18},
	title = {{Self-propelled dropwise condensate on superhydrophobic surfaces}},
	volume = {103},
	year = {2009}}

@article{kim2009,
	author = {Kim, J. and Longmire, E. K.},
	journal = {Exp. Fluids},
	number = {2},
	pages = {263--278},
	title = {Investigation of binary drop rebound and coalescence in liquids using dual-field PIV technique},
	volume = {47},
	year = {2009}}

@article{pan2009,
	author = {Pan, K.-L. and Chou, P. C. and Tseng, Y. J.},
	journal = {Phys. Rev. E},
	number = {3},
	title = {Binary droplet collision at high Weber number},
	volume = {80},
	year = {2009}}

@article{moreira2010advances,
	author = {Moreira, A. L. N. and Moita, A. S. and Panao, M. R.},
	journal = {Prog. Energy Combust. Sci.},
	number = {5},
	pages = {554--580},
	publisher = {Elsevier},
	title = {{Advances and challenges in explaining fuel spray impingement: How much of single droplet impact research is useful?}},
	volume = {36},
	year = {2010}}

@article{eri-2010-pre,
	author = {Eri, A. and Okumura, K.},
	journal = {Phys. Rev. E},
	pages={030601},
	title = {Bursting of a thin film in a confined geometry: rimless and constant-velocity dewetting},
	volume = {82},
	number={3},
	year = {2010},
	publisher={APS}}

@article{tsai2010,
	author = {Tsai, P. and Lammertink, R. G. H. and Wessling, M. and Lohse, D.},
	journal = {Phys. Rev. Lett.},
	number = {11},
	pages = {116102},
	publisher = {APS},
	title = {Evaporation-triggered wetting transition for water droplets upon hydrophobic microstructures},
	volume = {104},
	year = {2010}}

@article{schroll2010,
	author = {Schroll, R. D. and Josserand, C. and Zaleski, S. and Zhang, W. W.},
	journal = {Phys. Rev. Lett.},
	number = {3},
	pages = {34504},
	title = {Impact of a viscous liquid drop},
	volume = {104},
	year = {2010}}

@article{summerhayes2011deep,
	author = {Summerhayes, C.},
	journal = {Underw. Technol.},
	number = {2},
	pages = {113--115},
	publisher = {Society for Underwater Technology},
	title = {Deep water--the gulf oil disaster and the future of offshore drilling},
	volume = {30},
	year = {2011}}

@article{san2011size,
	author = {Lee, J. S. and Weon, B. M. and Park, S. J. and Je, J. H. and Fezzaa, K. and Lee, W.-K.},
	journal = {Nat. Commun.},
	number = {1},
	pages = {1--7},
	publisher = {Nature Publishing Group},
	title = {Size limits the formation of liquid jets during bubble bursting},
	volume = {2},
	year = {2011}}

@article{driscoll2011ultrafast,
	author = {Driscoll, M. M. and Nagel, S. R.},
	journal = {Phys. Rev. Lett.},
	number = {15},
	pages = {154502},
	title = {{Ultrafast interference imaging of air in splashing dynamics}},
	volume = {107},
	year = {2011}}

@article{gohardani2011,
	author = {Gohardani, O.},
	journal = {Prog. Aerosp. Sci.},
	number = {4},
	pages = {280--303},
	title = {{Impact of erosion testing aspects on current and future flight conditions}},
	volume = {47},
	year = {2011}}

@book{tryggvason2011direct,
	title={{Direct Numerical Simulations of Gas--Liquid Multiphase Flows}},
	author = {Tryggvason, G. and Scardovelli, R. and Zaleski, S.},
	year={2011},
	publisher={Cambridge university press}
}


@article{gordillo2011asymptotic,
	author = {Gordillo, L. and Agbaglah, G. and Duchemin, L. and Josserand, C.},
	journal = {Phys. Fluids},
	number = {12},
	pages = {122101},
	publisher = {American Institute of Physics},
	title = {Asymptotic behavior of a retracting two-dimensional fluid sheet},
	volume = {23},
	year = {2011}}

@article{peron-2012-langmuir,
	author = {P{\'e}ron, N. and Brochard-Wyart, F. and Duval, H.},
	journal = {Langmuir},
	pages = {15844--15852},
	title = {Dewetting of low-viscosity films at solid/liquid interfaces},
	volume = {28},
	year = {2012}}

@article{lhuissier2012bursting,
	author = {Lhuissier, H. and Villermaux, E.},
	journal = {J. Fluid Mech.},
	pages = {5--44},
	publisher = {Cambridge University Press},
	title = {{Bursting bubble aerosols}},
	volume = {696},
	year = {2012}}

@article{munro-2015-jfm,
	author = {Munro, J. P. and Anthony, C. R. and Basaran, O. A. and Lister, J. R.},
	date-added = {2022-04-16 20:17:56 +0200},
	date-modified = {2022-04-16 20:19:11 +0200},
	journal = {J. Fluid Mech.},
	pages = {{R}3},
	title = {Thin-sheet flow between coalescing bubbles},
	volume = {773},
	year = {2015}}

@article{fiji,
	author = {Schindelin, J. and Aganda-Carreras, I. and Frise, E.},
	journal = {Nat. Meth.},
	pages = {676--682},
	title = {{Fiji: an open-source platform for biological image analysis}},
	volume = {9},
	year = {2012}}

@article{marchand-2012-prl,
	author = {Marchand, A. and Chan, T. S. and Snoeijer, J. H. and Andreotti, B.},
	journal = {Phys. Rev. Lett.},
	pages = {204501},
	title = {Air entrainment by contact lines of a solid plate plunged into a viscous fluid},
	volume = {108},
	year = {2012}}

@article{oldenziel-2012-pof,
	author = {Oldenziel, G. and Delfos, R. and Westerweel, J.},
	journal = {Phys. Fluids},
	pages = {22106},
	title = {Measurements of liquid film thickness for a droplet at a two-fluid interface},
	volume = {24},
	year = {2012}}

@book{berthier2012physics,
	author = {Berthier, J. and Brakke, K. A.},
	publisher = {John Wiley \& Sons},
	title = {{The physics of microdroplets}},
	year = {2012}}

@article{paulsen-2012-pnas,
	author = {Paulsen, J. D. and Burton, J. C. and Nagel, S. R. and Appathurai, S. and Harris, M. T. and Basaran, O. A.},
	journal = {Proc. Natl. Acad. Sci. U.S.A.},
	pages = {6857--6861},
	title = {The inexorable resistance of inertia determines the initial regime of drop coalescence},
	volume = {109},
	year = {2012}}

@article{bouwhuis2012,
	author = {Bouwhuis, W. and {van der Veen}, R. C. A. and Tran, T. and Keij, D. L. and Winkels, K. G. and Peters, I. R. and {van der Meer}, D. and Sun, C. and Snoeijer, J. H. and Lohse, D.},
	journal = {Phys. Rev. Lett.},
	number = {26},
	pages = {264501},
	publisher = {APS},
	title = {{Maximal air bubble entrainment at liquid-drop impact}},
	volume = {109},
	year = {2012}}

@article{mougin2012significant,
	author = {Mougin, N. and Magnin, A. and Piau, J.-M.},
	journal = {J. Non-Newton. Fluid Mech.},
	pages = {42--55},
	publisher = {Elsevier},
	title = {{The significant influence of internal stresses on the dynamics of bubbles in a yield stress fluid}},
	volume = {171},
	year = {2012}}

@article{chen2012,
	author = {Chen, X. and Ma, R. and Li, J. and Hao, C. and Guo, W. and Luk, B. L. and Li, S. C. and Yao, S. and Wang, Z.},
	journal = {Phys. Rev. Lett.},
	number = {11},
	pages = {116101},
	publisher = {APS},
	title = {{Evaporation of droplets on superhydrophobic surfaces: {S}urface roughness and small droplet size effects}},
	volume = {109},
	year = {2012}}

@article{liger2012physics,
	author = {Liger-Belair, G.},
	journal = {Eur. Phys. J. Spec. Top.},
	number = {1},
	pages = {1--88},
	publisher = {Springer},
	title = {{The physics behind the fizz in champagne and sparkling wines}},
	volume = {201},
	year = {2012}}

@article{thoroddsen-2012-jfm,
	author = {Thoroddsen, S. T. and Thoraval, M.-J. and Takehara, K. and Etoh, T. G.},
	journal = {J. Fluid Mech.},
	pages = {469--479},
	title = {{Micro-bubble morphologies following drop impacts onto a pool surface}},
	volume = {708},
	year = {2012}}


@article{deng2012,
	title={Candle soot as a template for a transparent robust superamphiphobic coating},
	author = {Deng, X. and Mammen, L. and Butt, H.-J. and Vollmer, D.},
	journal={Science},
	volume={335},
	number={6064},
	pages={67--70},
	year={2012},
	publisher={American Association for the Advancement of Science}
}


@article{graham2012,
	author = {Graham, P. J. and Farhangi, M. M. and Dolatabadi, A.},
	journal = {Phys. Fluids},
	number = {11},
	publisher = {American Institute of Physics Inc.},
	title = {{Dynamics of droplet coalescence in response to increasing hydrophobicity}},
	volume = {24},
	year = {2012}}

@article{mertaniemi2012,
	author = {Mertaniemi, H. and Forchheimer, R. and Ikkala, O. and Ras, R. H. A.},
	journal = {Adv. Mater.},
	number = {42},
	pages = {5738--5743},
	title = {Rebounding droplet-droplet collisions on superhydrophobic surfaces: from the phenomenon to droplet logic},
	volume = {24},
	year = {2012}}

@article{tran2012drop,
	author = {Tran, T. and Staat, H. J. J. and Prosperetti, A. and Sun, C. and Lohse, D.},
	journal = {Phys. Rev. Lett.},
	number = {3},
	pages = {36101},
	publisher = {APS},
	title = {Drop impact on superheated surfaces},
	volume = {108},
	year = {2012}}

@article{tang2012bouncing,
	author = {Tang, C. and Zhang, P. and Law, C. K.},
	journal = {Phys. Fluids},
	number = {2},
	pages = {22101},
	publisher = {American Institute of Physics},
	title = {Bouncing, coalescence, and separation in head-on collision of unequal-size droplets},
	volume = {24},
	year = {2012}}

@article{farhangi2012,
	author = {Farhangi, M. M. and Graham, P. J. and Choudhury, N. R. and Dolatabadi, A.},
	journal = {Langmuir},
	number = {2},
	pages = {1290--1303},
	title = {Induced detachment of coalescing droplets on superhydrophobic surfaces},
	volume = {28},
	year = {2012}}

@article{peters-2013-colloidssurfa,
	author = {Peters, F. and Arabali, D.},
	journal = {Colloids Surf. A Physicochem. Eng. Asp.},
	pages = {1--5},
	title = {Interfacial tension between oil and water measured with a modified contour method},
	volume = {426},
	year = {2013}}

@article{snoeijer-2013-arfm,
	author = {Snoeijer, J. H. and Andreotti, B.},
	journal = {Annu. Rev. Fluid Mech.},
	pages = {269--292},
	title = {Moving contact lines: scales, regimes, and dynamical transitions},
	volume = {45},
	year = {2013}}

@article{trittel-2013-pof,
	author = {Trittel, T. and John, T. and Tsuji, K. and Stannarius, R.},
	journal = {Phys. Fluids},
	pages = {52106},
	title = {Rim instability of bursting thin smectic films},
	volume = {25},
	year = {2013}}

@article{paulsen2013approach,
	author = {Paulsen, J. D.},
	journal = {Phys. Rev. E},
	number = {6},
	pages = {63010},
	publisher = {APS},
	title = {{Approach and coalescence of liquid drops in air}},
	volume = {88},
	year = {2013}}

@article{thoraval-2013-pre,
	author = {Thoraval, M.-J. and Thoroddsen, S. T.},
	journal = {Phys. Rev. E},
	pages = {061001({R})},
	title = {{Contraction of an air disk caught between two different liquids}},
	volume = {88},
	year = {2013}}

@article{dimakopoulos2013steady,
	author = {Dimakopoulos, Y. and Pavlidis, M. and Tsamopoulos, J.},
	journal = {J. Non-Newton. Fluid Mech.},
	pages = {34--51},
	publisher = {Elsevier},
	title = {{Steady bubble rise in Herschel--Bulkley fluids and comparison of predictions via the augmented Lagrangian method with those via the Papanastasiou model}},
	volume = {200},
	year = {2013}}

@article{ahmad2013,
	author = {Ahmad, M. and Schatz, M. and Casey, M. V.},
	journal = {Wear},
	pages = {83--86},
	title = {Experimental investigation of droplet size influence on low pressure steam turbine blade erosion},
	volume = {303},
	year = {2013}}

@article{papadopoulos2013,
	author = {Papadopoulos, P. and Mammen, L. and Deng, X. and Vollmer, D. and Butt, H.-J.},
	journal = {Proc. Natl. Acad. Sci. U.S.A.},
	number = {9},
	pages = {3254--3258},
	publisher = {National Acad Sciences},
	title = {{How superhydrophobicity breaks down}},
	volume = {110},
	year = {2013}}

@article{vignes2013fizzling,
	author = {Vignes-Adler, M.},
	journal = {Angew. Chem. Int. Ed.},
	number = {1},
	pages = {187--190},
	publisher = {Wiley Online Library},
	title = {{The fizzling foam of champagne}},
	volume = {52},
	year = {2013}}

@article{adera2013non,
	author = {Adera, S. and Raj, R. and Enright, R. and Wang, E. N.},
	journal = {Nat. Commun.},
	number = {1},
	pages = {1--7},
	publisher = {Nature Publishing Group},
	title = {Non-wetting droplets on hot superhydrophilic surfaces},
	volume = {4},
	year = {2013}}

@article{deng2013,
	author = {Deng, X. and Schellenberger, F. and Papadopoulos, P. and Vollmer, D. and Butt, H.-J.},
	journal = {Langmuir},
	number = {25},
	pages = {7847--7856},
	title = {{Liquid drops impacting superamphiphobic coatings}},
	volume = {29},
	year = {2013}}

@article{butt2013,
	author = {Butt, H.-J. and Semprebon, C. and Papadopoulos, P. and Vollmer, D. and Brinkmann, M. and Ciccotti, M.},
	journal = {Soft Matter},
	number = {2},
	pages = {418--428},
	title = {{Design principles for superamphiphobic surfaces}},
	volume = {9},
	year = {2013}}

@article{castrejon-pita2013,
	author = {Castrej{\'{o}}n-Pita, J. R. and Kubiak, K. J. and Castrej{\'{o}}n-Pita, A. A. and Wilson, M. C.T. and Hutchings, I. M.},
	journal = {Phys. Rev. E},
	number = {2},
	title = {Mixing and internal dynamics of droplets impacting and coalescing on a solid surface},
	volume = {88},
	year = {2013}}

@article{wadhwa2013,
	author = {Wadhwa, N. and Vlachos, P. and Jung, S.},
	journal = {Phys. Rev. Lett.},
	number = {12},
	title = {Noncoalescence in the oblique collision of fluid jets},
	volume = {110},
	year = {2013}}

@article{paven2013,
	title={Super liquid-repellent gas membranes for carbon dioxide capture and heart--lung machines},
	author = {Paven, M. and Papadopoulos, P. and Sch{\"o}ttler, S. and Deng, X. and Mail{\"a}nder, V. and Vollmer, D. and Butt, H.-J.},
	journal={Nat. Commun.},
	volume={4},
	number={1},
	pages={1--6},
	year={2013},
	publisher={Nature Publishing Group}
}


@article{balmforth2014yielding,
	author = {Balmforth, N. J. and Frigaard, I. A. and Ovarlez, G.},
	journal = {Annu. Rev. Fluid Mech.},
	pages = {121--146},
	publisher = {Annual Reviews},
	title = {{Yielding to stress: recent developments in viscoplastic fluid mechanics}},
	volume = {46},
	year = {2014}}

@article{riboux2014experiments,
	author = {Riboux, G. and Gordillo, J. M.},
	journal = {Phys. Rev. Lett.},
	number = {2},
	pages = {24507},
	publisher = {APS},
	title = {{Experiments of drops impacting a smooth solid surface: {A} model of the critical impact speed for drop splashing}},
	volume = {113},
	year = {2014}}

@article{li2014,
	author = {Li, J. and Zhang, B. and Guo, P. and Lv, Q.},
	journal = {J. Appl. Phys.},
	number = {21},
	pages = {214903},
	publisher = {AIP Publishing LLC},
	title = {{Impact force of a low speed water droplet colliding on a solid surface}},
	volume = {116},
	year = {2014}}

@article{coussot2014yield,
	author = {Coussot, P.},
	journal = {J. Non-Newton. Fluid Mech.},
	pages = {31--49},
	publisher = {Elsevier},
	title = {{Yield stress fluid flows: A review of experimental data}},
	volume = {211},
	year = {2014}}

@article{paulsen-2013-natcommun,
	author = {Paulsen, J. D. and Carmigniani, R. and Kannan, A. and Burton, J. C. and Nagel, S. R.},
	journal = {Nat. Commun.},
	pages = {3182},
	title = {{Coalscence of bubbles and drops in an outer fluid}},
	volume = {5},
	year = {2014}}

@article{laan2014maximum,
	author = {Laan, N. and {de Bruin}, K. G. and Bartolo, D. and Josserand, C. and Bonn, D.},
	journal = {Phys. Rev. Appl.},
	number = {4},
	pages = {44018},
	publisher = {APS},
	title = {{Maximum diameter of impacting liquid droplets}},
	volume = {2},
	year = {2014}}

@article{ghabache2014physics,
	author = {Ghabache, E. and Antkowiak, A. and Josserand, C. and S{\'e}on, T.},
	journal = {Phys.Fluids},
	number = {12},
	pages = {121701},
	publisher = {AIP Publishing},
	title = {{On the physics of fizziness: How bubble bursting controls droplets ejection}},
	volume = {26},
	year = {2014}}

@article{feng2014nanoemulsions,
	author = {Feng, J. and Roch{\'e}, M. and Vigolo, D. and Arnaudov, L. N. and Stoyanov, S. D. and Gurkov, T. D. and Tsutsumanova, G. G. and Stone, H. A.},
	journal = {Nat. Phys.},
	number = {8},
	pages = {606--612},
	publisher = {Nature Publishing Group},
	title = {Nanoemulsions obtained via bubble-bursting at a compound interface},
	volume = {10},
	year = {2014}}

@article{soto2014,
	author = {Soto, D. and {de Lariviere}, A. B. and Boutillon, X. and Clanet, C. and Qu{\'e}r{\'e}, D.},
	journal = {Soft Matter},
	number = {27},
	pages = {4929--4934},
	publisher = {Royal Society of Chemistry},
	title = {{The force of impacting rain}},
	volume = {10},
	year = {2014}}

@article{enright2014,
	author = {Enright, R. and Miljkovic, N. and Sprittles, J. and Nolan, K. and Mitchell, R. and Wang, E. N.},
	journal = {ACS Nano},
	number = {10},
	pages = {10352--10362},
	publisher = {American Chemical Society},
	title = {How coalescing droplets jump},
	volume = {8},
	year = {2014}}

@article{lv2014bio,
	title={Bio-inspired strategies for anti-icing},
	author={Lv, J. and Song, Y. and Jiang, L. and Wang, J.},
	journal={ACS nano},
	volume={8},
	number={4},
	pages={3152--3169},
	year={2014},
	publisher={ACS Publications}
}

@article{paven2014,
	author = {Paven, M. and Papadopoulos, P. and Mammen, L. and Deng, X. and Sachdev, H. and Vollmer, D. and Butt, H.-J.},
	journal = {Pure Appl. Chem.},
	number = {2},
	pages = {87--96},
	publisher = {IUPAC \& De Gruyter},
	title = {Optimization of superamphiphobic layers based on candle soot},
	volume = {86},
	year = {2014}}

@article{moevius2014,
	author = {Moevius, L. and Liu, Y. and Wang, Z. and Yeomans, J. M.},
	journal = {Langmuir},
	number = {43},
	pages = {13021--13032},
	publisher = {American Chemical Society},
	title = {{Pancake bouncing: Simulations and theory and experimental verification}},
	volume = {30},
	year = {2014}}

@article{kolinski2014drops,
	author = {Kolinski, J. M. and Mahadevan, L. and Rubinstein, S. M.},
	journal = {Europhys. Lett.},
	number = {2},
	pages = {24001},
	publisher = {IOP Publishing},
	title = {Drops can bounce from perfectly hydrophilic surfaces},
	volume = {108},
	year = {2014}}

@article{yi2014,
	author = {Yi, N. and Huang, B. and Dong, L. and Quan, X. and Hong, F. and Tao, P. and Song, C. and Shang, W. and Deng, T.},
	journal = {Sci. Rep.},
	title = {Temperature-induced coalescence of colliding binary droplets on superhydrophobic surface},
	volume={4},
	number={1},
	pages={1--5},
	year={2014},
	publisher={Nature Publishing Group}
}


@article{agbaglah2014,
	author = {Agbaglah, G. and Deegan, R. D.},
	journal = {J. Fluid Mech.},
	pages = {485--496},
	publisher = {Cambridge University Press},
	title = {{Growth and instability of the liquid rim in the crown splash regime}},
	volume = {752},
	year = {2014}}

@article{liu2014,
	author = {Liu, F. and Ghigliotti, G. and Feng, J. J. and Chen, C. H.},
	journal = {J. Fluid Mech.},
	pages = {39--65},
	publisher = {Cambridge University Press},
	title = {{Numerical simulations of self-propelled jumping upon drop coalescence on non-wetting surfaces}},
	volume = {752},
	year = {2014}}

@article{tripathi2015bubble,
	author = {Tripathi, M. K. and Sahu, K. C. and Karapetsas, G. and Matar, O. K.},
	journal = {J. Non-Newton. Fluid Mech.},
	pages = {217--226},
	publisher = {Elsevier},
	title = {{Bubble rise dynamics in a viscoplastic material}},
	volume = {222},
	year = {2015}}

@article{walls2015jet,
	author = {Walls, P. L. L. and Henaux, L. and Bird, J. C.},
	journal = {Phys. Rev. E},
	number = {2},
	pages = {21002},
	publisher = {APS},
	title = {Jet drops from bursting bubbles: How gravity and viscosity couple to inhibit droplet production},
	volume = {92},
	year = {2015}}

@article{visser2015dynamics,
	author = {Visser, C. W. and Frommhold, P. E. and Wildeman, S. and Mettin, E. and Lohse, D. and Sun, C.},
	journal = {Soft Matter},
	number = {9},
	pages = {1708--1722},
	publisher = {Royal Society of Chemistry},
	title = {Dynamics of high-speed micro-drop impact: numerical simulations and experiments at frame-to-frame times below 100 ns},
	volume = {11},
	year = {2015}}

@article{gauthier2015,
	author = {Gauthier, A. and Symon, S. and Clanet, C. and Qu{\'e}r{\'e}, D.},
	journal = {Nat. Commun.},
	number = {1},
	pages = {1--6},
	publisher = {Nature Publishing Group},
	title = {{Water impacting on superhydrophobic macrotextures}},
	volume = {6},
	year = {2015}}

@article{tran2015bubble,
	author = {Tran, A. and Rudolph, M. L. and Manga, M.},
	journal = {J. Volcanol. Geoth. Res.},
	pages = {11--24},
	publisher = {Elsevier},
	title = {{Bubble mobility in mud and magmatic volcanoes}},
	volume = {294},
	year = {2015}}

@article{vernay-2015-prl,
	author = {Vernay, C. and Ramos, L. and Ligoure, C.},
	journal = {Phys. Rev. Lett.},
	pages = {198302},
	title = {{Bursting of dilute emulsion-based liquid sheets driven by a {M}arangoni effect}},
	volume = {115},
	year = {2015}}

@article{petit-2015-jfm,
	author = {Petit, P. C. and {Le Merrer}, M. and Biance, A.-L.},
	journal = {J. Fluid Mech.},
	pages = {{R}3},
	title = {Holes and cracks in rigid foam films},
	volume = {774},
	year = {2015}}


@article{zhao2015,
	author = {Zhao, R. and Zhang, Q. and Tjugito, H. and Cheng, X.},
	journal = {Proc. Natl. Acad. Sci. U.S.A.},
	number = {2},
	pages = {342--347},
	title = {{Granular impact cratering by liquid drops: Understanding raindrop imprints through an analogy to asteroid strikes}},
	volume = {112},
	year = {2015}}

@article{krishnan2015,
	author = {Krishnan, K. G. and Loth, E.},
	journal = {Int. J. Multiph. Flow},
	keywords = {Collision,Droplet,Impact,Regime},
	pages = {171--186},
	publisher = {Elsevier Ltd},
	title = {{Effects of gas and droplet characteristics on drop-drop collision outcome regimes}},
	volume = {77},
	year = {2015}}

@article{demaleprade-2016-prl,
	author = {{de Maleprade}, H. and Clanet, C. and Qu{\'e}r{\'e}, D.},
	journal = {Phys. Rev. Lett.},
	title = {Spreading of bubbles after contacting the lower side of an aerophilic slide immersed in water},
	volume={117},
	number={9},
	pages={094501},
	year={2016},
	publisher={APS}}


@article{hao2016,
	author = {Hao, C. and Liu, Y. and Chen, X. and Li, J. and Zhang, M. and Zhao, Y. and Wang, Z.},
	journal = {Small},
	number = {14},
	pages = {1825--1839},
	publisher = {Wiley Online Library},
	title = {Bioinspired interfacial materials with enhanced drop mobility: {F}rom fundamentals to multifunctional applications},
	volume = {12},
	year = {2016}}

@article{jalaal2016long,
	author = {Jalaal, M. and Balmforth, N. J.},
	journal = {J. Non-Newton. Fluid Mech.},
	pages = {100--106},
	publisher = {Elsevier},
	title = {Long bubbles in tubes filled with viscoplastic fluid},
	volume = {238},
	year = {2016}
}

@article{feng_muradoglu_kim_ault_stone_2016,
	author = {Feng, J. and Muradoglu, M. and Kim, H. and Ault, J. T. and Stone, H. A.},
	journal = {J. Fluid Mech.},
	pages = {324--352},
	publisher = {Cambridge University Press},
	title = {Dynamics of a bubble bouncing at a liquid/liquid/gas interface},
	volume = {807},
	year = {2016}}

@book{campbell2016bubbles,
	author = {Campbell, G. M.},
	publisher = {Elsevier},
	title = {{Bubbles in food 2}},
	year = {2016}}

@article{philippi2016,
	author = {Philippi, J. and Lagr{\'e}e, P.-Y. and Antkowiak, A.},
	journal = {J. Fluid Mech.},
	pages = {96--135},
	publisher = {Cambridge University Press},
	title = {Drop impact on a solid surface: short-time self-similarity},
	volume = {795},
	year = {2016}}

@article{ghabache2016size,
	author = {Ghabache, E. and S{\'e}on, T.},
	journal = {Phys. Rev. Fluids},
	number = {5},
	pages = {51901},
	publisher = {APS},
	title = {Size of the top jet drop produced by bubble bursting},
	volume = {1},
	year = {2016}}

@article{lee2016universal,
	author = {Lee, J. B. and Laan, N. and {de Bruin}, K. G. and Skantzaris, G. and Shahidzadeh, N. and Derome, D. and Carmeliet, J. and Bonn, D.},
	journal = {J. Fluid Mech.},
	publisher = {Cambridge University Press},
	title = {Universal rescaling of drop impact on smooth and rough surfaces},
	volume = {786},
	pages = {R4},
	year = {2016}}

@article{ghabache2016evaporation,
	author = {Ghabache, E. and Liger-Belair, G. and Antkowiak, A. and S{\'e}on, T.},
	journal = {Sci. Rep.},
	pages = {25148},
	publisher = {Nature Publishing Group},
	title = {Evaporation of droplets in a Champagne wine aerosol},
	volume = {6},
	year = {2016}}

@article{cho2016,
	author = {Cho, H. J. and Preston, D. J. and Zhu, Y. and Wang, E. N.},
	journal = {Nat. Rev. Mater.},
	number = {2},
	pages = {16092},
	publisher = {Nature Publishing Group},
	title = {Nanoengineered materials for liquid--vapour phase-change heat transfer},
	volume = {2},
	year = {2016}}

@article{wildeman2016spreading,
	author = {Wildeman, S. and Visser, C. W. and Sun, C. and Lohse, D.},
	journal = {J. Fluid Mech.},
	pages = {636--655},
	publisher = {Cambridge University Press},
	title = {On the spreading of impacting drops},
	volume = {805},
	year = {2016}}

@article{papadopoulos2016,
	author = {Papadopoulos, P. and Vollmer, D. and Butt, H.-J.},
	journal = {Phys. Rev. Lett.},
	number = {4},
	publisher = {American Physical Society},
	title = {Long-Term Repellency of Liquids by Superoleophobic Surfaces},
	volume = {117},
	year = {2016}}

@article{schellenberger2016,
	author = {Schellenberger, F. and Encinas, N. and Vollmer, D. and Butt, H.-J.},
	journal = {Phys. Rev. Lett.},
	number = {9},
	publisher = {American Physical Society},
	title = {How Water Advances on Superhydrophobic Surfaces},
	volume = {116},
	year = {2016}}

@article{khatir2016,
	author = {Khatir, Z. and Kubiak, K. J. and Jimack, P. K. and Mathia, T. G.},
	journal = {Appl. Therm. Eng.},
	pages = {1337--1344},
	publisher = {Elsevier Ltd},
	title = {{Dropwise condensation heat transfer process optimisation on superhydrophobic surfaces using a multi-disciplinary approach}},
	volume = {106},
	year = {2016}}

@article{zhang2016,
	author = {Zhang, Y. R. and Jiang, X. Z. and Luo, K. H.},
	journal = {J. Comput. Sci.},
	pages = {457--462},
	publisher = {Elsevier B.V.},
	title = {{Bounce regime of droplet collisions: A molecular dynamics study}},
	volume = {17},
	year = {2016}}

@book{yarin2017,
	author = {Yarin, A. L. and Roisman, I. V. and Tropea, C.},
	publisher = {Cambridge University Press},
	title = {Collision {Phenomena} in {Liquids} and {Solids}},
	year = {2017}
}

@article{li2017,
	author = {Li, Y. and Qu{\'e}r{\'e}, D. and Lv, C. and Zheng, Q.},
	journal = {Proc. Natl. Acad. Sci. U.S.A.},
	number = {13},
	pages = {3387--3392},
	publisher = {National Acad Sciences},
	title = {Monostable superrepellent materials},
	volume = {114},
	year = {2017}}

@article{liu2017,
	author = {Liu, M. and Wang, S. and Jiang, L.},
	journal = {Nat. Rev. Mater.},
	number = {7},
	pages = {17036},
	publisher = {Nature Publishing Group},
	title = {Nature-inspired superwettability systems},
	volume = {2},
	year = {2017}}

@article{laborie2017yield,
	author = {Laborie, B. and Rouyer, F. and Angelescu, D. E. and Lorenceau, E.},
	journal = {J. Fluid Mech.},
	number = {2},
	pages = {838--851},
	title = {{Yield-stress fluid deposition in circular channels}},
	volume = {818},
	year = {2017}}

@article{krishnan2017scaling,
	author = {Krishnan, S. and Hopfinger, E. J. and Puthenveettil, B. A.},
	journal = {J. Fluid Mech.},
	pages = {791--812},
	publisher = {Cambridge University Press},
	title = {On the scaling of jetting from bubble collapse at a liquid surface},
	volume = {822},
	year = {2017}}

@article{amirzadeh2017,
	author = {Amirzadeh, B. and Louhghalam, A. and Raessi, M. and Tootkaboni, M.},
	journal = {J. Wind Eng. Ind. Aerodyn.},
	pages = {33--43},
	title = {A computational framework for the analysis of rain-induced erosion in wind turbine blades},
	volume = {163},
	year = {2017}}

@article{saramito2017progress,
	title={Progress in numerical simulation of yield stress fluid flows},
	author = {Saramito, P. and Wachs, A.},
	journal = {Rheol. Acta},
	volume={56},
	number={3},
	pages={211--230},
	year={2017},
	publisher={Springer}
}


@article{walls2017quantifying,
	author = {Walls, P. L. L. and McRae, O. and Natarajan, V. and Johnson, C. and Antoniou, C. and Bird, J. C.},
	journal = {Sci. Rep.},
	number = {1},
	pages = {15102},
	publisher = {Nature Publishing Group},
	title = {Quantifying the potential for bursting bubbles to damage suspended cells},
	volume = {7},
	year = {2017}}

@article{zhang2017,
	author = {Zhang, B. and Li, J. and Guo, P. and Lv, Q.},
	journal = {Exp. Fluids},
	number = {9},
	pages = {1--12},
	publisher = {Springer},
	title = {Experimental studies on the effect of Reynolds and Weber numbers on the impact forces of low-speed droplets colliding with a solid surface},
	volume = {58},
	year = {2017}}

@article{bonn2017yield,
	author = {Bonn, D. and Denn, M. M. and Berthier, L. and Divoux, T. and Manneville, S.},
	journal = {Rev. Mod. Phys.},
	number = {3},
	pages = {35005},
	publisher = {APS},
	title = {Yield stress materials in soft condensed matter},
	volume = {89},
	year = {2017}}

@article{ganan2017revision,
	author = {Ga{\~n}{\'a}n-Calvo, A. M.},
	journal = {Phys. Rev. Lett.},
	number = {20},
	pages = {204502},
	publisher = {APS},
	title = {Revision of bubble bursting: Universal scaling laws of top jet drop size and speed},
	volume = {119},
	year = {2017}}


@article{geyer2017,
	title={Enhancing CO2 capture using robust superomniphobic membranes},
	author = {Geyer, F. and Sch{\"o}necker, C. and Butt, H.-J. and Vollmer, D.},
	journal = {Adv. Mater.},
	volume={29},
	number={5},
	pages={1603524},
	year={2017},
	publisher={Wiley Online Library}
}


@article{andrew2017,
	author = {Andrew, M. and Yeomans, J. M. and Pushkin, D. O.},
	eprint = {1702.01954},
	journal = {Soft Matter},
	number = {5},
	pages = {985--994},
	publisher = {Royal Society of Chemistry},
	title = {A solvable model of axisymmetric and non-axisymmetric droplet bouncing},
	volume = {13},
	year = {2017}}

@article{sturgess2017,
	author = {Sturgess, C. and Tuck, C. J. and Ashcroft, I. A. and Wildman, R. D.},
	journal = {J. Mater. Chem. C},
	number = {37},
	pages = {9733--9745},
	publisher = {Royal Society of Chemistry},
	title = {3D reactive inkjet printing of polydimethylsiloxane},
	volume = {5},
	year = {2017}}

@article{pham2017spontaneous,
	author = {Pham, J. T. and Paven, M. and Wooh, S. and Kajiya, T. and Butt, H.-J. and Vollmer, D.},
	journal = {Nat. Commun.},
	number = {1},
	pages = {1--9},
	publisher = {Nature Publishing Group},
	title = {Spontaneous jumping, bouncing and trampolining of hydrogel drops on a heated plate},
	volume = {8},
	year = {2017}}

@article{lohse2018,
	author = {Lohse, D.},
	journal = {Phys. Rev. Fluids.},
	number = {11},
	pages = {110504},
	publisher = {APS},
	title = {Bubble puzzles: From fundamentals to applications},
	volume = {3},
	year = {2018}}

@article{rauzan2018particle,
	author = {Rauzan, B. M. and Nelson, A. Z. and Lehman, S. E. and Ewoldt, R. H. and Nuzzo, R. G.},
	journal = {Adv. Funct. Mater.},
	number = {21},
	pages = {1707032},
	publisher = {Wiley Online Library},
	title = {Particle-Free Emulsions for 3D Printing Elastomers},
	volume = {28},
	year = {2018}}

@article{hewitt2018viscoplastic,
	author = {Hewitt, D. R. and Balmforth, N. J.},
	journal = {J. Fluid Mech.},
	pages = {870--897},
	publisher = {Cambridge University Press},
	title = {{Viscoplastic slender-body theory}},
	volume = {856},
	year = {2018}}

@article{lopez2018rising,
	author = {Lopez, W. F. and Naccache, M. F. and {de Souza Mendes}, P. R.},
	journal = {J. Rheol.},
	number = {1},
	pages = {209--219},
	publisher = {The Society of Rheology},
	title = {{Rising bubbles in yield stress materials}},
	volume = {62},
	year = {2018}}

@article{smith2018influence,
	author = {Smith, F. R. and Nicloux, C. and Brutin, D.},
	journal = {Phys. Rev. Fluids},
	number = {1},
	pages = {13601},
	publisher = {APS},
	title = {{Influence of the impact energy on the pattern of blood drip stains}},
	volume = {3},
	year = {2018}}

@article{chantelot2018water,
	author = {Chantelot, P. and Moqaddam, A. M. and Gauthier, A. and Chikatamarla, S. S. and Clanet, C. and Karlin, I. V. and Qu{\'e}r{\'e}, D.},
	journal = {Soft Matter},
	number = {12},
	pages = {2227--2233},
	publisher = {Soft Matter},
	title = {Water ring-bouncing on repellent singularities},
	volume = {14},
	year = {2018}}

@article{peschka-2018-scirep,
	author = {Peschka, D. and Bommer, S. and Jachalski, S. and Seemann, R. and Wagner, B.},
	journal = {Sci. Rep.},
	pages = {13295},
	title = {Impact of energy dissipation on interface shapes and on rates for dewetting from liquid substrates},
	volume = {8},
	year = {2018}}

@article{deike2018dynamics,
	author = {Deike, L. and Ghabache, E. and Liger-Belair, G. and Das, A. K. and Zaleski, S. and Popinet, S. and S{\'e}on, T.},
	journal = {Phys. Rev. Fluids},
	number = {1},
	pages = {13603},
	publisher = {APS},
	title = {Dynamics of jets produced by bursting bubbles},
	volume = {3},
	year = {2018}}

@article{zamankhan2018steady,
	author = {Zamankhan, P. and Takayama, S. and Grotberg, J. B.},
	journal = {Phys. Rev. Fluids},
	number = {1},
	pages = {13302},
	publisher = {APS},
	title = {Steady displacement of long gas bubbles in channels and tubes filled by a Bingham fluid},
	volume = {3},
	year = {2018}}

@article{tammaro-2018-langmuir,
	author = {Tammaro, D. and Pasquino, R. and Villone, M. M. and {D' Avino}, G. and Ferraro, V. and {Di Maio}, E. and Langella, A. and Grizzuti, N. and Maffettone, P. L.},
	journal = {Langmuir},
	pages = {5646--5654},
	title = {Elasticity in bubble rupture},
	volume = {34},
	year = {2018}}

@article{poulain2018biosurfactants,
	author = {Poulain, S. and Bourouiba, L.},
	journal = {Phys. Rev. Lett.},
	number = {20},
	pages = {204502},
	publisher = {APS},
	title = {Biosurfactants change the thinning of contaminated bubbles at bacteria-laden water interfaces},
	volume = {121},
	year = {2018}}

@article{finotello2018dynamics,
	author = {Finotello, G. and Kooiman, R. F. and Padding, J. T. and Buist, K. A. and Jongsma, A. and Innings, F. and Kuipers, J. A. M.},
	journal = {Exp. Fluids},
	number = {1},
	pages = {1--19},
	publisher = {Springer},
	title = {The dynamics of milk droplet--droplet collisions},
	volume = {59},
	year = {2018}}

@article{pan2018,
	author = {Pan, S. and Guo, R. and Bj{\"o}rnmalm, M. and Richardson, J. J. and Li, L. and Peng, C. and Bertleff-Zieschang, N. and Xu, W. and Jiang, J. and Caruso, F.},
	journal = {Nat. Mater.},
	number = {11},
	pages = {1040--1047},
	publisher = {Nature Publishing Group},
	title = {Coatings super-repellent to ultralow surface tension liquids},
	volume = {17},
	year = {2018}}

@article{wang2018,
	author = {Wang, Y. and Bourouiba, L.},
	journal = {J. Fluid Mech.},
	keywords = {aerosols/atomization,drops,drops and bubbles},
	pages = {24--44},
	publisher = {Cambridge University Press},
	title = {Non-isolated drop impact on surfaces},
	volume = {835},
	year = {2018}}

@article{damak2018,
	author = {Damak, M. and Varanasi, K.},
	journal = {Phys. Rev. Fluids},
	number = {9},
	publisher = {American Physical Society},
	title = {Expansion and retraction dynamics in drop-on-drop impacts on nonwetting surfaces},
	volume = {3},
	year = {2018}}

@article{finotello2018,
	author = {Finotello, G. and De, S. and Vrouwenvelder, J. C. R. and Padding, J. T. and Buist, K. A. and Jongsma, A. and Innings, F. and Kuipers, J. A. M.},
	journal = {Exp. Fluids},
	number = {7},
	publisher = {Springer Verlag},
	title = {Experimental investigation of non-Newtonian droplet collisions: the role of extensional viscosity},
	volume = {59},
	year = {2018}}

@article{latka2018drop,
	author = {Latka, A. and Boelens, A. M. P and Nagel, S. R. and {de Pablo}, J. J.},
	journal = {Phys. Fluids},
	number = {2},
	pages = {22105},
	publisher = {AIP Publishing LLC},
	title = {{Drop splashing is independent of substrate wetting}},
	volume = {30},
	year = {2018}}

@article{vahabi2018,
	author = {Vahabi, H. and Wang, W. and Mabry, J. M. and Kota, A. K.},
	journal = {Sci. Adv.},
	number = {11},
	publisher = {American Association for the Advancement of Science},
	title = {{Coalescence-induced jumping of droplets on superomniphobic surfaces with macrotexture}},
	volume = {4},
	year = {2018}}

@article{de2019oscillations,
	author = {{de Corato}, M. and Saint-Michel, B. and Makrigiorgos, G. and Dimakopoulos, Y. and Tsamopoulos, J. and Garbin, V.},
	journal = {Phys. Rev. Fluids},
	number = {7},
	pages = {73301},
	publisher = {APS},
	title = {{Oscillations of small bubbles and medium yielding in elastoviscoplastic fluids}},
	volume = {4},
	year = {2019}}

@article{nelson2019designing,
	author = {Nelson, A. Z. and Schweizer, K. S. and Rauzan, B. M. and Nuzzo, R. G. and Vermant, J. and Ewoldt, R. H.},
	journal = {Curr. Opin. Solid State Mater. Sci.},
	number = {5},
	pages = {100758},
	publisher = {Elsevier},
	title = {{Designing and transforming yield-stress fluids}},
	volume = {23},
	year = {2019}}

@article{jalaal2019laser,
	author = {Jalaal, M. and Schaarsberg, M. K. and Visser, C.-W. and Lohse, D.},
	journal = {J. Fluid Mech.},
	pages = {497--513},
	publisher = {Cambridge University Press},
	title = {{Laser-induced forward transfer of viscoplastic fluids}},
	volume = {880},
	year = {2019}}

@article{gordillo2019theory,
	author = {Gordillo, J. M. and Riboux, G. and Quintero, E. S.},
	journal = {J. Fluid Mech.},
	pages = {298--315},
	publisher = {Cambridge University Press},
	title = {{A theory on the spreading of impacting droplets}},
	volume = {866},
	year = {2019}}

@article{mitchell2019,
	author = {Mitchell, B. R. and Klewicki, J. C. and Korkolis, Y. P. and Kinsey, B. L.},
	journal = {J. Fluid Mech.},
	pages = {300--322},
	publisher = {Cambridge University Press},
	title = {{The transient force profile of low-speed droplet impact: measurements and model}},
	volume = {867},
	year = {2019}}

@article{shi2019drop,
	author = {Shi, S. and Lv, C. and Zheng, Q.},
	journal = {ACS Appl. Mater.},
	number = {46},
	pages = {43698--43707},
	publisher = {ACS Publications},
	title = {{Drop impact on two-tier monostable superrepellent surfaces}},
	volume = {11},
	year = {2019}}

@article{villone-2019-jnnfm,
	author = {Villone, M. M. and Hulsen, M. A. and Maffettone, P. L.},
	journal = {J. Non-{N}ewtonian Fluid Mech.},
	pages = {118--126},
	title = {{Numerical simulations of viscoelastic film stretching and relaxation}},
	volume = {266},
	year = {2019}}

@article{li2019,
	author = {Li, H. and Fang, W. and Li, Y. and Yang, Q. and Li, M. and Li, Q. and Feng, X.-Q. and Song, Y.},
	journal = {Nat. Commun.},
	number = {1},
	pages = {1--6},
	publisher = {Nature Publishing Group},
	title = {{Spontaneous droplets gyrating via asymmetric self-splitting on heterogeneous surfaces}},
	volume = {10},
	year = {2019}}

@article{quintero2019,
	author = {Quintero, E. S. and Riboux, G. and Gordillo, J. M.},
	journal = {J. Fluid Mech.},
	pages = {175--188},
	publisher = {Cambridge University Press},
	title = {{Splashing of droplets impacting superhydrophobic substrates}},
	volume = {870},
	year = {2019}}

@article{zhang2019,
	author = {Zhang, R. and Zhang, B. and Lv, Q. and Li, J. and Guo, P.},
	journal = {Exp. Fluids},
	number = {4},
	pages = {64},
	publisher = {Springer},
	title = {{Effects of droplet shape on impact force of low-speed droplets colliding with solid surface}},
	volume = {60},
	year = {2019}}

@article{gordillo2019capillary,
	author = {Gordillo, J. M. and Rodr{\'\i}guez-Rodr{\'\i}guez, J.},
	journal = {J. Fluid Mech.},
	pages = {556--571},
	publisher = {Cambridge University Press},
	title = {{Capillary waves control the ejection of bubble bursting jets}},
	volume = {867},
	year = {2019}}

@article{singh2019numerical,
	author = {Singh, D. and Das, A. K.},
	journal = {Phys. Rev. Fluids},
	number = {2},
	pages = {23602},
	publisher = {APS},
	title = {{Numerical investigation of the collapse of a static bubble at the free surface in the presence of neighbors}},
	volume = {4},
	year = {2019}}

@article{skylar-scott2019,
	author = {Skylar-Scott, M. A. and Mueller, J. and Visser, C.W. and Lewis, J. A.},
	journal = {Nature},
	number = {7782},
	pages = {330--335},
	publisher = {Nature Publishing Group},
	title = {{Voxelated soft matter via multimaterial multinozzle 3D printing}},
	volume = {575},
	year = {2019}}

@article{nath2019,
	author = {Nath, S. and Ahmadi, S. F. and Gruszewski, H. A. and Budhiraja, S. and Bisbano, C. E. and Jung, S. and Schmale, D. G. and Boreyko, J. B.},
	journal = {J. R. Soc. Interface},
	keywords = {Dispersal,Jumping-droplet condensation,Liberation,Spores,Superhydrophobic,Wheat leaf},
	number = {155},
	publisher = {Royal Society Publishing},
	title = {{'Sneezing' plants: Pathogen transport via jumping-droplet condensation}},
	volume = {16},
	year = {2019}}

@article{courrechdupont-2020-pnas,
	author = {{du Pont}, S. and Eggers, J.},
	journal = {Proc. Natl. Acad. Sci. U.S.A.},
	pages = {32238--32243},
	title = {{Fluid interfaces with very sharp tips in viscous flows}},
	volume = {117},
	year = {2020}}

@article{villermaux2020fragmentation,
	author = {Villermaux, E.},
	journal = {J. Fluid Mech.},
	publisher = {Cambridge University Press},
	title = {{Fragmentation versus cohesion}},
	volume = {898},
	pages = {P1},
	year = {2020}}

@article{li-2020-pnas,
	author = {Li, Y. and Diddens, C. and Segers, T. and Wijshoff, H. and Versluis, M. and Lohse, D.},
	journal = {Proc. Natl. Acad. Sci. U.S.A.},
	pages = {16756--16763},
	title = {{Evaporating droplets on oil-wetted surfaces: suppression of the coffee-stain effect}},
	volume = {117},
	year = {2020}}

@article{jian_deng_thoraval_2020,
	author = {Jian, Z. and Deng, P and Thoraval, M.-J.},
	journal = {J. Fluid Mech.},
	pages = {A7},
	publisher = {Cambridge University Press},
	title = {{Air sheet contraction}},
	volume = {899},
	year = {2020}}

@article{wu2020,
	author = {Wu, S. and Du, Y. and Alsaid, Y. and Wu, D. and Hua, M. and Yan, Y. and Yao, B. and Ma, Y. and Zhu, X. and He, X.},
	journal = {Proc. Natl. Acad. Sci. U.S.A.},
	number = {21},
	pages = {11240--11246},
	publisher = {National Acad Sciences},
	title = {{Superhydrophobic photothermal icephobic surfaces based on candle soot}},
	volume = {117},
	year = {2020}}

@article{magnaudet2020particles,
	author = {Magnaudet, J. and Mercier, M. J.},
	journal = {Annu. Rev. Fluid Mech.},
	pages = {61--91},
	publisher = {Annual Reviews},
	title = {{Particles, drops, and bubbles moving across sharp interfaces and stratified layers}},
	volume = {52},
	year = {2020}}

@article{anthony2020initial,
	author = {Anthony, C. R. and Harris, M. T. and Basaran, O. A.},
	journal = {Phys. Rev. Fluids},
	number = {3},
	pages = {33608},
	publisher = {APS},
	title = {{Initial regime of drop coalescence}},
	volume = {5},
	year = {2020}}

@article{sun2020dynamic,
	author = {Sun, B. and Pan, S. and Zhang, J. and Zhao, X. and Zhao, Y. and Wang, Z.},
	journal = {Chem. Eng. J.},
	pages = {123569},
	publisher = {Elsevier},
	title = {{A dynamic model for predicting the geometry of bubble entrapped in yield stress fluid}},
	volume = {391},
	year = {2020}}

@article{jian2020split,
	author = {Jian, Z. and Channa, M. A. and Kherbeche, A. and Chizari, H. and Thoroddsen, S. T. and Thoraval, M.-J.},
	journal = {Phys. Rev. Lett.},
	number = {18},
	pages = {184501},
	publisher = {APS},
	title = {{To split or not to split: dynamics of an air disk formed under a drop impacting on a pool}},
	volume = {124},
	year = {2020}}

@article{primkulov-2020-prl,
	author = {Primkulov, B. K. and Chui, J. Y. Y. and Pahlavan, A. A. and MacMinn, C. W. and Juanes, R.},
	journal = {Phys. Rev. Lett.},
	pages = {174503},
	title = {{Characterizing dissipation in fluid-fluid displacement using constant-rate spontaneous imbibition}},
	volume = {125},
	year = {2020}}

@article{reddy-2020-prf,
	author = {Reddy, M. and Manivannan, M. and Basavaraj, M. G. and Thampi, S. P.},
	journal = {Phys. Rev. Fluids},
	pages = {104006},
	title = {{Statics and dynamics of drops spreading on a liquid-liquid interface}},
	volume = {5},
	year = {2020}}

@article{deka2020revisiting,
	author = {Deka, H. and Pierson, J.-L.},
	journal = {Phys. Rev. Fluids},
	title = {{Revisiting the {T}aylor-{C}ulick approximation. {II}. {R}etraction of a viscous sheet}},
	volume = {5},
	number = {9},
	pages = {93603},
	publisher = {APS},
	year = {2020}}

@article{montanero-2020-rpp,
	author = {Montanero, J. M. and Ga{\~n}{\'a}n-Calvo, A. M.},
	journal = {Rep. Prog. Phys.},
	pages = {97001},
	title = {{Dripping, jetting and tip streaming}},
	volume = {83},
	year = {2020}}

@article{he2020,
	author = {He, C. and Xia, X. and Zhang, P.},
	file = {::},
	journal = {Phys. Fluids},
	number = {3},
	publisher = {American Institute of Physics Inc.},
	title = {{Vortex-dynamical implications of nonmonotonic viscous dissipation of off-center droplet bouncing}},
	volume = {32},
	year = {2020}}

@article{sen_lohse_2021,
	author = {Sen, U. and Datt, C. and Segers, T. and Wijshoff, H. and Snoeijer, J. H. and Versluis, M. and Lohse, D.},
	journal = {J. Fluid Mech.},
	pages = {A25},
	publisher = {Cambridge University Press},
	title = {{The retraction of jetted slender viscoelastic liquid filaments}},
	volume = {929},
	year = {2021}}

@article{mou2021singular,
	author = {Mou, Z. and Zheng, Z. and Jian, Z. and Antonini, C. and Josserand, C. and Thoraval, M.-J.},
	journal = {arXiv Preprint. arXiv:2112.05284},
	title = {{Singular jets in compound drop impact}},
	year = {2021}}

@article{jalaal2021spreading,
	author = {Jalaal, M. and Stoeber, B. and Balmforth, N. J.},
	journal = {J. Fluid Mech.},
	publisher = {Cambridge University Press},
	title = {{Spreading of viscoplastic droplets}},
	volume = {914},
	pages = {A21},
	year = {2021}
}

@article{cuttle2021engulfment,
	author = {Cuttle, C. and Thompson, A. B. and Pihler-Puzovi{\'c}, D. and Juel, A.},
	journal = {J. Fluid Mech.},
	publisher = {Cambridge University Press},
	title = {{The engulfment of aqueous droplets on perfectly wetting oil layers}},
	volume = {915},
	pages = {A66},
	year = {2021}
}

@article{chantelot_lohse_2021,
	author = {Chantelot, P. and Lohse, D.},
	journal = {J. Fluid Mech.},
	pages = {A36},
	publisher = {Cambridge University Press},
	title = {{Drop impact on superheated surfaces: short-time dynamics and transition to contact}},
	volume = {928},
	year = {2021}}

@article{bourouiba2021fluid,
	author = {Bourouiba, L.},
	journal = {Annu. Rev. Fluid Mech.},
	pages = {473--508},
	publisher = {Annual Reviews},
	title = {{The fluid dynamics of disease transmission}},
	volume = {53},
	year = {2021}}

@article{bohr2021surface,
	author = {Bohr, T. and Scheichl, B.},
	journal = {Phys. Rev. Fluids},
	number = {5},
	pages = {L052001},
	publisher = {APS},
	title = {{Surface tension and energy conservation in a moving fluid}},
	volume = {6},
	year = {2021}}

@article{lohse2022fundamental,
	author = {Lohse, D.},
	journal = {Annu. Rev. Fluid Mech.},
	pages = {349--382},
	publisher = {Annual Reviews},
	title = {{Fundamental fluid dynamics challenges in inkjet printing}},
	volume = {54},
	year = {2022}}

@book{leidenfrost1756,
	title={De aquae communis nonnullis qualitatibus tractatus},
	author={Leidenfrost, J. G.},
	year={1756},
	publisher={Ovenius}
}

@book{Boerhaave1732,
	title={Elementae Chemiae, Vol. 1.},
	author={Boerhaave, H. },
	year={1732},
	publisher={ Leiden: Lugduni Batavorum}
}

@article{shirota2016dynamic,
	title={Dynamic Leidenfrost effect: Relevant time and length scales},
	author={Shirota, M. and {van Limbeek}, M. A. J. and Sun, C. and Prosperetti, A. and Lohse, D.},
	journal=prl,
	volume={116},
	number={6},
	pages={064501},
	year={2016},
	publisher={APS}
}

@article{buckingham1915principle,
	title={The principle of similitude},
	author={Buckingham, E.},
	journal={Nature},
	volume={96},
	number={2406},
	pages={396--397},
	year={1915},
	publisher={Nature Publishing Group}
}
@article{buckingham1914physically,
	title={On physically similar systems; illustrations of the use of dimensional equations},
	author={Buckingham, E.},
	journal={Phys. Rev.},
	volume={4},
	number={4},
	pages={345},
	year={1914},
	publisher={APS}
}

@article{mckinley2011wolfgang,
	title={{Wolfgang von Ohnesorge}},
	author={McKinley, G. H. and Renardy, M.},
	journal=pof,
	volume={23},
	number={12},
	pages={127101},
	year={2011},
	publisher={American Institute of Physics}
}

@book{eggers2015singularities,
	title={Singularities: formation, structure, and propagation},
	author={Eggers, J. and Fontelos, M. A.},
	volume={53},
	year={2015},
	publisher={Cambridge University Press}
}

@article{hosoi2001evaporative,
	title={Evaporative instabilities in climbing films},
	author={Hosoi, A. E. and Bush, J. W. M.},
	journal=jfm,
	volume={442},
	pages={217--239},
	year={2001},
	publisher={Cambridge University Press}
}

@article{lohse2020physicochemical,
	title={Physicochemical hydrodynamics of droplets out of equilibrium},
	author={Lohse, D. and Zhang, X.},
	journal={Nat. Rev. Phys.},
	volume={2},
	number={8},
	pages={426--443},
	year={2020},
	publisher={Nature Publishing Group}
}

@article{tsai2009drop,
	title={Drop impact upon micro-and nanostructured superhydrophobic surfaces},
	author={Tsai, P. and Pacheco, S. and Pirat, C. and Lefferts, L. and Lohse, D.},
	journal={Langmuir},
	volume={25},
	number={20},
	pages={12293--12298},
	year={2009},
	publisher={ACS Publications}
}

@article{hoffman2021controlling,
	title={Controlling droplet deposition with surfactants},
	author={Hoffman, H. and Sijs, R. and {de Goede}, T. and Bonn, D.},
	journal=prf,
	volume={6},
	number={3},
	pages={033601},
	year={2021},
	publisher={APS}
}

@article{gart2015droplet,
	title={Droplet impacting a cantilever: A leaf-raindrop system},
	author={Gart, s. and Mates, J. E. and Megaridis, C. M. and Jung, S.},
	journal=pra,
	volume={3},
	number={4},
	pages={044019},
	year={2015},
	publisher={APS}
}

@article{quere2002fakir,
	title={Fakir droplets},
	author={Qu{\'e}r{\'e}, D.},
	journal={Nat. Mater.},
	volume={1},
	number={1},
	pages={14--15},
	year={2002},
	publisher={Nature Publishing Group}
}

@book{ashgriz2011handbook,
	title={Handbook of atomization and sprays: theory and applications},
	author={Ashgriz, N.},
	year={2011},
	publisher={Springer Science \& Business Media}
}

@article{taylor1964disintegration,
	title={Disintegration of water drops in an electric field},
	author={Taylor, G. I.},
	journal={Proc. R. Soc. London, Ser. A},
	volume={280},
	number={1382},
	pages={383--397},
	year={1964},
	publisher={The Royal Society London}
}

@inproceedings{mitchell2016experimental,
	title={Experimental and numerical framework for study of low velocity water droplet impact dynamics},
	author={Mitchell, B. R. and Nassiri, A. and Locke, M. R. and Klewicki, J. C. and Korkolis, Y. P. and Kinsey, B. L.},
	booktitle={International Manufacturing Science and Engineering Conference},
	volume={49897},
	pages={V001T02A047},
	year={2016},
	organization={American Society of Mechanical Engineers}
}


@article{grinspan2010impact,
	title={Impact force of low velocity liquid droplets measured using piezoelectric PVDF film},
	author={Grinspan, A. S. and Gnanamoorthy, R.},
	journal={Colloids Surf., A},
	volume={356},
	number={1-3},
	pages={162--168},
	year={2010},
	publisher={Elsevier}
}

@article{samuel2011study,
	title={Study of wetting and adhesion interactions between water and various polymer and superhydrophobic surfaces},
	author={Samuel, B. and Zhao, H. and Law, K.-Y.},
	journal={J. Phys. Chem. C},
	volume={115},
	number={30},
	pages={14852--14861},
	year={2011},
	publisher={ACS Publications}
}

@article{liimatainen2017mapping,
	title={Mapping microscale wetting variations on biological and synthetic water-repellent surfaces},
	author={Liimatainen, V. and Vuckovac, M. and Jokinen, V. and Sariola, V. and Hokkanen, M. J. and Zhou, Q. and Ras, R. H. A.},
	journal={Nat. Commun.},
	volume={8},
	number={1},
	pages={1--7},
	year={2017},
	publisher={Nature Publishing Group}
}

@article{derby2010inkjet,
	title={Inkjet printing of functional and structural materials: fluid property requirements, feature stability, and resolution},
	author={Derby, B.},
	journal={Annu. Rev. Mater. Res.},
	volume={40},
	pages={395--414},
	year={2010},
	publisher={Annual Reviews Inc}
}

@article{reitz1998drop,
	title={Drop and spray formation from a liquid jet},
	author={Lin, S. P. and Reitz, R. D.},
	journal={Annu. Rev. Fluid Mech},
	volume={30},
	pages={85--105},
	year={1998}
}

@article{notz2004dynamics,
	title={Dynamics and breakup of a contracting liquid filament},
	author={Notz, P. K. and Basaran, O. A.},
	journal=jfm,
	volume={512},
	pages={223--256},
	year={2004},
	publisher={Cambridge University Press}
}

@article{dong2006experimental,
	title={An experimental study of drop-on-demand drop formation},
	author={Dong, H. and Carr, W. W. and Morris, J. F.},
	journal=pof,
	volume={18},
	number={7},
	pages={072102},
	year={2006},
	publisher={American Institute of Physics}
}

@article{xu2007nonsolvent,
	title={Nonsolvent-induced dewetting of thin polymer films},
	author={Xu, L. and Shi, T. and An, L.},
	journal={Langmuir},
	volume={23},
	number={18},
	pages={9282--9286},
	year={2007},
	publisher={ACS Publications}
}

@phdthesis{von1937anwendung,
	title={Anwendung eines kinematographischen Hochfrequenz- apparates mit mechanischer Regelung der Belichtung zur Aufnahme der Tropfenbildung und des Zerfalls fl{\"u}ssiger Strahlen},
	author={{von Ohnesorge}, W.},
	year={1937},
	school={Konrad Triltsch, W{\"u}rzburg}
}

